2850 4896
294 295 408 352 Gaura
427 297 602 353 ABBATUM
620 294 980 352 nonrluntnnusluu.
1166 299 1198 354 19

72 453 229 536 principis
252 453 472 536 apostolorum
490 453 577 516 Petri
600 451 639 516 de
662 452 798 517 basilica
821 454 924 516 sancti
948 454 1086 535 apostoli
1104 454 1196 517 Pauli

72 539 248 605 transtulit.
300 538 343 601 Et
369 539 479 620 posuit
507 538 637 620 quidem
666 539 753 602 beati
782 539 886 619 patris
910 537 1136 622 Wandregisili
1164 540 1196 603 in

72 624 224 704 medium,
247 625 357 707 magni
377 645 452 689 vero
475 625 633 706 praesulis
652 623 802 688 Ansberti
821 624 864 687 ad
886 624 987 688 leram
1011 632 1044 688 et
1065 625 1197 706 gloriosi

72 710 235 794 pontificis
257 709 438 774 Vulframni
461 710 503 773 ad
525 709 690 775 dexteram
711 716 837 792 partem
860 710 893 772 in
916 710 1031 774 absida
1057 711 1198 776 eiusdem

72 797 229 862 basilicae
264 797 305 861 ed
337 797 525 860 orientalem
560 796 698 879 plagam.
757 796 857 860 Facta
888 801 937 860 est
971 795 1052 861 haec
1088 805 1199 861 sancta

72 882 245 947 translatio
282 903 365 946 anno
403 881 583 946 dominicae
618 883 848 946 incarnationis
884 883 982 961 704⁸,
1024 882 1198 948 indictione

73 968 224 1047 secunda,
243 968 346 1051 pridie
361 967 578 1031 Kalendarum
593 969 750 1050 Aprilium
765 967 826 1046 die,
841 968 923 1031 feria
936 969 1085 1032 secunda.
1116 969 1199 1033 Nam

74 1055 274 1118 sollemnitas
297 1056 399 1118 sancti
421 1054 562 1136 paschae
584 1055 681 1118 tertio
704 1053 924 1117 Kalendarum
943 1054 1100 1136 Aprilium
1123 1060 1199 1119 tunc

74 1141 181 1204 extitit
195 1140 216 1220 ¹,
243 1141 391 1222 quierat
419 1161 522 1204 annus
555 1139 698 1203 decimus
732 1141 817 1221 regis
847 1140 979 1223 gloriosi
1008 1139 1198 1221 Hildeberti,

98 1247 172 1291 orro
187 1225 339 1290 Iohannis
358 1247 471 1308 papae,
491 1227 546 1308 qui
562 1227 776 1308 octogesimus
790 1226 944 1308 quintusb
959 1247 978 1289 a
992 1227 1088 1291 beato
1103 1226 1198 1291 Petro

73 1249 253 1377 Komanam
284 1313 368 1376 rexit
400 1312 604 1392 aecclesiam,
636 1333 739 1376 annus
769 1313 910 1395 primus,
940 1311 1033 1376 Baini
1063 1312 1199 1395 denique

73 1400 177 1481 patris
195 1398 354 1481 praedicti
374 1419 476 1462 annus
492 1400 633 1480 quintus,
653 1420 692 1462 ex
715 1419 778 1480 quo
797 1399 961 1480 regiminis
982 1407 1201 1482 assumpserat

74 1499 186 1548 curam
217 1485 310 1548 istius
342 1484 496 1549 coenobii.
555 1483 677 1548 Eodem
708 1505 782 1548 vero
814 1485 847 1547 in
874 1485 961 1564 loco,
993 1507 1056 1567 quo
1084 1486 1200 1550 beatus

73 1569 329 1655 Wandregisilus
352 1571 385 1633 in
406 1570 574 1652 praedicta
597 1571 700 1634 sancti
718 1569 813 1634 Pauli
835 1571 974 1653 apostoli
997 1572 1201 1653 requieverat

74 1656 222 1736 basilica,
250 1657 381 1720 beatum
404 1655 628 1721 Erembertum
658 1657 844 1738 episcopum
870 1658 988 1739 posuit,
1020 1659 1075 1739 qui
1105 1665 1200 1722 antea

74 1743 108 1805 in
126 1742 272 1806 inferiori
285 1742 357 1806 loco
377 1741 520 1806 eiusdem
538 1743 713 1807 aecclesiae
727 1744 838 1806 subter
857 1743 997 1807 arcubus
1011 1744 1198 1823 tumulatus,

75 1849 177 1893 annos
200 1828 272 1910 plus
296 1828 439 1892 minusve
467 1829 602 1912 triginta
627 1834 693 1892 tres
720 1829 931 1909 requieverat,
962 1829 1013 1892 die
1035 1830 1200 1912 trigesimo

73 1922 149 1997 post
161 1914 405 1978 translationem
419 1915 630 1996 praedictam,
649 1914 857 1995 condiditque
871 1936 1053 1998 supereum
1068 1915 1201 1998 repam²

75 2006 262 2085 argenteam
281 1999 475 2066 decoratam.
512 2000 679 2082 Requievit
701 2000 800 2081 igitur
818 2002 933 2065 beatus
948 1999 1200 2084 Wandregisilus

73 2088 107 2150 in
135 2086 246 2150 eadem
274 2088 377 2150 sancti
400 2086 493 2149 Pauli
522 2087 658 2150 basilica
688 2107 789 2149 annos
817 2087 944 2150 circiter
971 2086 1199 2170 quadraginta3

73 2172 205 2237 inclitus
234 2178 342 2235 autem
371 2172 502 2254 praesul
529 2172 707 2236 Ansbertus
738 2193 838 2235 annos
864 2176 937 2251 110,
967 2179 1098 2236 sanctus
1127 2195 1200 2238 vero

74 2257 335 2341 archiepiscopus
357 2257 566 2322 Vulframnus
593 2279 695 2322 annos
718 2258 767 2323 9⁶.
824 2259 885 2336 Qui
912 2258 959 2322 ita
980 2260 1098 2323 inventi
1126 2265 1202 2323 sunt

74 2365 146 2408 cum
163 2344 306 2408 vestibus
329 2344 395 2408 suis
418 2365 438 2407 a
465 2345 669 2425 corruptione
691 2343 784 2422 illesi,
808 2345 901 2425 quasi
919 2343 1030 2408 eadem
1048 2344 1100 2409 die
1123 2344 1200 2408 fuis-

74 2437 145 2494 sent
163 2430 348 2513 sepulturae
370 2429 491 2493 traditi.
537 2429 629 2510 Nam,
653 2430 749 2493 sicuti
772 2430 954 2494 ministrare
977 2432 1097 2494 sanctis
1119 2431 1200 2495 alta-

73 2516 164 2579 ribus
187 2522 426 2594 consueverant,
449 2517 496 2579 ita
518 2517 616 2579 etiam
638 2515 788 2579 tumulati
811 2516 947 2580 fuerant.

159 2601 242 2665 Huic
252 2602 446 2665 ammirabili
460 2602 601 2683 praesuli
612 2602 749 2683 largitus
759 2607 808 2665 est
816 2602 983 2684 praefatus
993 2601 1199 2667 Hildebertus

74 2709 131 2751 rex
157 2687 267 2751 villam
295 2708 378 2769 quae
405 2694 539 2751 vocatur
566 2687 713 2769 Alpicum
724 2686 748 2767 ³,
776 2707 860 2768 quae
888 2689 951 2752 sita
977 2694 1026 2752 est
1055 2691 1087 2753 in
1116 2710 1199 2771 pago

75 2771 299 2837 Pinciacensi4
326 2794 422 2855 super
448 2774 574 2836 alveum
602 2775 792 2855 Sequanam,
821 2795 886 2837 una
912 2795 984 2837 cum
1010 2773 1200 2840 adiacentiis

76 2860 153 2939 suis,
172 2859 372 2939 Novitianus,
392 2857 563 2939 Ourbavia,
579 2859 801 2939 Albachahan,
820 2858 914 2938 Nido,
933 2859 1105 2940 Tremlido,
1128 2882 1200 2924 cum

75 2945 139 3008 illis
169 2944 350 3009 forestariis
379 2945 535 3027 quinque,
565 2965 649 3009 anno
679 2945 801 3008 decimo
830 2947 921 3026 regni
950 2946 1014 3025 sui,
1046 2947 1101 3029 qui
1130 2953 1201 3011 erat

76 3030 256 3095 dominicae
278 3031 509 3094 incarnationis
532 3031 831 3114 septingentesimus
856 3037 999 3113 quartus,
1025 3031 1200 3096 indictione

76 3116 227 3197 secunda,
249 3116 372 3180 decimo
394 3116 491 3180 tertio
515 3116 649 3180 Kalend.
674 3116 872 3196 Novembris,
896 3117 979 3181 feria
1001 3117 1150 3185 secunda.

160 3204 252 3266 Anno
274 3208 322 3269 11.
346 3202 488 3266 eiusdem
510 3204 595 3284 regis
613 3202 746 3285 quidam
767 3202 863 3266 homo
883 3203 1109 3268 Leuthrandus
1127 3225 1199 3287 por-

76 3289 196 3352 tionem
226 3287 368 3370 aliquam
396 3287 435 3351 de
463 3288 540 3351 villa
566 3310 649 3371 quae
675 3295 809 3352 vocatur
834 3287 958 3353 Pausas
987 3289 1123 3371 largitus
1153 3295 1201 3353 est

76 3374 108 3436 in
129 3394 213 3456 pago
237 3373 409 3438 Ebroicino
421 3375 443 3436 ⁵.

229 3512 307 3566 Anno
337 3512 476 3566 undecimo
506 3513 560 3565 iam
591 3514 771 3580 suprascripto
802 3513 938 3579 praefatus
969 3513 1095 3565 exarchus
1125 3511 1200 3566 dedit

178 3582 263 3635 eidem
282 3581 443 3634 monasterio
460 3581 552 3634 villam
572 3583 644 3634 cuius
662 3582 818 3635 vocabulum
837 3584 878 3634 est
895 3581 1047 3639 Ecclesiola.
1073 3581 1154 3634 sitam
1172 3582 1200 3634 in

178 3668 247 3773 gago
261 3650 409 3729 Ebroicino‚
418 3649 540 3770 lKalend.
554 3651 713 3771 Miffiimm
727 3650 784 3730 die,
797 3650 941 3772 indictigne
959 3648 1064 3770 [ἓξὲξ
1079 3652 1174 3771 qima
1181 3647 1200 3701 ⁶.

177 3734 582 3854 ..tollebantque
600 3736 687 3840 §llll
704 3735 1044 3840 gualcaudus&
1065 3736 1092 3770 Ἠ
1106 3735 1136 3770 ¹¹⁸
1155 3735 1200 3771 Μ

230 3857 307 3910 Anno
338 3855 490 3909 duodecimo
521 3856 638 3909 eiusdem
669 3857 740 3923 regis
771 3856 906 3922 praefatus
935 3856 1057 3923 princeps
1087 3855 1198 3923 Pipinus

178 3923 356 3979 Fontanidum
374 3924 467 3977 villam
485 3924 537 3990 ipsi
556 3925 679 3978 coenobio
697 3924 812 3991 largitus
830 3927 878 3979 est.

77 4048 98 4146 a}
109 4044 194 4135 gilda
207 4056 285 4084 rasura
298 4057 315 4082 c.
376 4041 398 4093 b)
411 4044 455 4081 azia
468 4055 532 4083 manu
545 4047 695 4094 atramentoque
709 4045 752 4082 alio
764 4054 871 4090 suprascr.
885 4055 903 4082 c.
965 4041 986 4089 c)
1001 4041 1032 4081 XI
1051 4043 1074 4080 in
1091 4053 1167 4081 rasura
1180 4055 1199 4082 c.

158 4108 181 4135 m
194 4108 271 4135 recuro
284 4109 302 4136 r.

79 4199 103 4261 1)
122 4199 213 4254 Recte.
269 4200 295 4265 2)
319 4201 518 4255 Umbraculum.
582 4198 609 4262 3)
627 4199 669 4253 Le
682 4199 753 4265 Pecq
767 4196 836 4263 (dep.
851 4197 1061 4260 Seme-etone).
1114 4197 1140 4258 4)
1159 4198 1200 4251 Le

78 4268 309 4391 {saggqa-eliaca
329 4269 604 4337 Persou-suracim.
690 4265 717 4331 5)
743 4254 904 4320 L'Idurecio.
990 4268 1016 4329 6)
1041 4264 1083 4332 Of.
1107 4267 1199 4319 Mdbl·

996 4434 1032 4488 2*
