2850 4906
229 296 263 350 48
454 290 570 346 GESTA
589 288 765 345 ABBATUM
783 288 1146 345 FONTANELLENSIUM.

229 448 309 510 tiam
343 446 427 509 vitae
462 445 731 525 contemplativae
764 445 917 508 remotior
950 445 1082 527 degens,
1118 465 1201 527 quae
1234 444 1300 507 sita
1331 443 1361 506 in

231 533 332 596 latere
352 531 469 595 montis
488 531 603 612 plagae
620 530 812 612 aquilonalis
831 531 1013 611 praelatum
1028 529 1216 594 coenobium
1230 535 1364 610 spectat,

230 618 386 700 plurimos
418 617 640 680 arithmeticae
678 617 759 679 artis
789 616 960 699 disciplina
991 617 1140 680 alumnos
1174 614 1293 679 imbuit
1327 635 1363 679 ac

230 710 301 766 arte
321 702 492 784 scriptoria
508 700 659 779 erudivit;
679 707 749 765 erat
765 703 849 765 euim
867 705 900 764 in
915 702 977 765 hac
992 709 1063 766 arte
1078 721 1144 764 non
1160 701 1364 764 mediocriter

230 789 352 852 doctus.
410 787 503 852 Unde
536 786 675 867 plurima
708 787 883 851 aecclesiae
917 795 1046 866 nostrae
1080 787 1211 869 proprio
1247 786 1363 850 sudore

230 874 412 956 conscripta
440 872 578 955 reliquid
601 873 778 946 volumina,
809 872 842 935 id
866 879 915 936 est
935 874 1081 936 volumen
1105 878 1246 955 quatuor
1269 893 1365 936 euan-

230 960 385 1040 geliorum
400 959 546 1022 Romana
562 957 692 1022 littera¹
710 959 876 1040 scriptum,
893 959 1102 1039 epistolarum
1118 958 1210 1021 Pauli
1224 958 1365 1039 apostoli

230 1045 375 1108 volumen
407 1066 520 1122 unum,
553 1046 805 1107 sacramentoria
836 1043 999 1107 volumina
1028 1045 1105 1121 tria,
1136 1044 1363 1107 lectionarium

229 1131 374 1194 volumen
395 1151 502 1207 unum,
525 1128 601 1192 item
620 1129 774 1192 lectiones
792 1129 950 1210 euangelii
973 1129 1120 1193 volumen
1144 1151 1255 1210 unum,
1280 1149 1363 1192 ome·

229 1217 345 1279 liarum
376 1215 591 1299 quadraginta
619 1215 766 1296 Gregorii
796 1235 899 1297 papae
926 1214 1072 1278 volumen
1099 1236 1213 1293 unum,
1246 1214 1363 1279 librum

230 1303 269 1365 de
303 1302 485 1365 aritmetica
520 1322 591 1363 cum
626 1301 772 1382 epistolis
807 1301 846 1363 de
880 1300 1005 1364 ratione
1036 1300 1183 1382 paschali
1214 1300 1363 1364 volumen

230 1409 343 1464 unum,
371 1387 487 1449 librum
510 1387 614 1449 sancti
638 1387 807 1467 Augustini
831 1386 869 1448 de
893 1386 1023 1449 civitate
1046 1387 1107 1450 Dei
1129 1384 1170 1449 ab
1193 1386 1363 1450 undecimo

230 1494 332 1555 usque
361 1472 401 1535 ad
431 1471 589 1535 decimum
619 1477 765 1535 octavum
793 1472 940 1535 volumen
968 1493 1079 1549 unum,
1110 1470 1228 1534 librum
1257 1472 1364 1534 Bedae

230 1558 270 1621 de
299 1558 424 1620 naturis
451 1578 557 1620 rerum
581 1577 619 1620 ac
641 1557 839 1638 temporibus
863 1558 1010 1620 volumen
1035 1579 1147 1635 unum,
1174 1557 1364 1638 psalterium

230 1665 303 1707 cum
326 1643 461 1706 canticis
484 1664 522 1706 ac
546 1643 663 1706 himnis
682 1643 903 1707 Ambrosianis
926 1663 964 1706 ac
987 1643 1133 1706 terminis
1155 1643 1364 1724 paschalibus

229 1728 377 1791 volumen
396 1749 507 1807 unum,
532 1727 651 1791 librum
668 1731 807 1792 vitarum
826 1729 930 1792 sancti
952 1728 1187 1810 Wandregisili,
1211 1727 1364 1792 Ansberti

230 1835 268 1878 ac
291 1813 473 1877 Wulfranni
497 1814 714 1877 confessorum
739 1814 862 1878 Christi
884 1815 1030 1877 volumen
1056 1836 1170 1890 uuum,
1199 1815 1363 1896 quaestio-

230 1922 305 1962 num
330 1901 432 1964 sancti
463 1899 611 1962 Ansberti
634 1900 675 1963 ad
704 1899 856 1963 Siwinum
878 1901 1062 1964 reclausum
1085 1899 1232 1964 volumen
1252 1921 1361 1977 unum,

229 1984 490 2066 antiphonarium
522 1985 686 2049 Romanae
719 1986 894 2048 aecclesiae
925 1985 1072 2048 volumen
1104 2007 1211 2050 unum.
1266 1985 1364 2048 Dedit

229 2072 326 2134 etiam
352 2071 484 2134 calicem
508 2078 693 2152 argenteum
716 2092 788 2134 cum
811 2077 944 2152 patena,
972 2070 1149 2134 turibulum
1173 2078 1362 2152 argenteum

229 2178 327 2219 unum
351 2157 385 2218 in
408 2157 585 2219 ministerio
608 2157 793 2233 aecclesiae,
817 2177 900 2236 quae
920 2157 988 2238 ipse
1011 2157 1053 2219 ad
1077 2155 1272 2220 sacrificium
1298 2157 1362 2220 Deo

231 2240 427 2304 offerendum
455 2263 563 2305 secum
586 2241 713 2319 habuit,
742 2242 886 2324 quaudiu
911 2243 1113 2305 remotiorem
1136 2243 1234 2305 vitam
1259 2241 1360 2306 duxit.

229 2327 290 2391 Hic
314 2328 411 2390 etiam
430 2328 598 2409 religiosus
617 2329 665 2390 vir
683 2328 825 2402 Romam,
850 2327 1054 2408 praesidente
1072 2329 1105 2390 in
1124 2327 1199 2391 sede
1218 2326 1363 2391 eiusdem

230 2412 403 2477 aecclesiae
420 2413 564 2476 Adriano
580 2413 765 2494 apostolico,
785 2413 826 2476 ad
842 2412 957 2476 limina
972 2413 1189 2496 apostolorum
1206 2414 1363 2477 orationis

230 2520 268 2562 ac
290 2498 484 2562 visitationis
507 2499 611 2580 gratia
633 2499 776 2562 locorum
799 2499 898 2562 etiam
921 2506 1104 2562 sanctorum
1123 2497 1289 2580 profectus
1314 2504 1363 2562 001

229 2605 442 2667 prospereque
456 2585 589 2647 Domino
598 2585 935 2648 comitantereversus.
955 2584 1017 2660 Qui
1029 2585 1194 2664 depositus
1206 2591 1256 2649 est
1266 2605 1363 2648 senex

230 2677 262 2733 et
275 2670 388 2752 plenus
402 2670 526 2733 dierum
542 2670 602 2733 sub
616 2690 699 2733 anno
709 2671 836 2751 imperii
846 2669 954 2750 Magni
966 2671 1170 2752 imperatoris
1183 2670 1296 2734 Karoli
1306 2691 1361 2733 un-

230 2756 363 2830 decimo,
382 2757 473 2837 regni
491 2762 599 2819 autern
618 2757 695 2835 eius,
715 2755 802 2838 quod
820 2776 878 2836 per
891 2755 1104 2838 quadraginta
1123 2763 1243 2836 septem
1262 2776 1362 2819 annos

230 2841 343 2919 tenuit,
361 2840 605 2922 quadragesimo
622 2849 752 2924 quarto,
772 2843 827 2923 qui
848 2849 918 2904 erat
933 2841 1113 2904 dominicae
1129 2842 1362 2905 incarnationis

230 2927 511 3006 octingentesimus
525 2927 721 3005 undecimus,
732 2925 907 2989 indictione
921 2933 1047 3008 quarta,
1059 2932 1187 2991 tenente
1197 2927 1362 3008 regiminis

230 3011 334 3075 locum
358 3012 390 3073 in
414 3011 596 3075 Fontinella
619 3013 814 3076 monasterio
839 3033 923 3074 anno
941 3014 1053 3095 quinto
1072 3013 1210 3076 Trasaro
1234 3013 1360 3078 abbate.

251 3123 253 3127 ·
316 3096 377 3160 Hic
401 3096 578 3164 Gervoldus
606 3098 690 3161 abba
717 3099 751 3160 in
779 3098 979 3178 aegritudine
1005 3099 1142 3180 positus,
1172 3098 1211 3161 de
1240 3103 1362 3181 quaet

229 3183 326 3246 vitam
358 3181 473 3259 finivit,
506 3185 642 3247 contulit
670 3183 745 3247 huic
775 3183 927 3246 coenobio
958 3205 1010 3246 res
1041 3183 1249 3266 proprietatis
1273 3205 1359 3260 suae,

230 3288 311 3350 quas
331 3267 532 3349 adquisierat
549 3270 583 3333 in
601 3290 683 3351 pago
702 3268 884 3346 Ebroiciuo‚
906 3268 966 3332 hoc
989 3275 1039 3333 est
1060 3268 1150 3332 illam
1173 3268 1361 3333 aecclesiam

231 3354 335 3416 sancti
366 3355 496 3416 Paterni
531 3376 601 3417 cum
636 3354 784 3417 omnihus
818 3354 1009 3418 adiacentiis
1041 3356 1107 3418 suis
1139 3375 1235 3436 super
1266 3353 1360 3418 fluvio

231 3437 345 3516 lttone‚
365 3439 514 3503 similiter
531 3442 565 3503 in
584 3440 768 3504 Villarcello
787 3447 819 3502 et
835 3439 1087 3520 Maigoldi-valle
1104 3446 1200 3521 atque
1220 3441 1253 3503 in
1273 3446 1361 3504 curte

230 3526 397 3588 Anelauna
424 3533 456 3589 et
482 3527 515 3587 in
539 3527 739 3589 Framsarias
767 3532 799 3588 01
825 3526 859 3587 in
881 3525 1197 3589 Rumbaude-curte.
1244 3526 1362 3590 Aedita

230 3617 279 3673 001
304 3611 384 3673 haec
411 3611 539 3693 largitio
566 3612 778 3694 Petreoponte
804 3611 880 3674 11110
906 3611 1003 3675 huius
1030 3611 1131 3675 nostri
1158 3610 1306 3675 coenobii
1332 3613 1360 3675 7.

231 3696 306 3759 Idus
340 3697 451 3762 lunii⁸.
513 3697 555 3760 Et
587 3706 659 3780 post
692 3704 812 3779 septem
847 3696 916 3760 dics
949 3697 1034 3760 idem
1067 3697 1244 3761 Gervoldus
1279 3699 1361 3761 vitae

125 3782 729 3855 *11101011111111111111011111111010111.
755 3782 837 3859 Iulii,
860 3781 961 3845 *anno
984 3783 1217 3846 incarnationis
1240 3782 1361 3846 domini

231 3866 351 3930 Christi
375 3868 446 3946 806,
469 3869 643 3931 indictione
667 3873 696 3946 7,
717 3869 771 3949 qui
794 3874 865 3931 erat
887 3888 990 3931 annus
1012 3871 1101 3950 regni
1121 3868 1231 3949 Magni
1249 3868 1361 3933 Karoli

230 3953 281 4028 38,
304 3954 431 4035 imperii
454 3975 527 4016 1010
550 3960 669 4018 sextus,
715 3954 809 4017 Rexit
827 3953 914 4016 istud
932 3953 1121 4017 coenobium
1140 3954 1232 4016 annis
1252 3953 1360 4018 decem

231 4043 263 4099 et
285 4046 366 4115 octo,
392 4059 515 4102 menses
538 4041 689 4121 quinque,
713 4039 781 4102 11100
804 4037 990 4106 tredecim2.

229 4165 250 4214 11)
263 4166 293 4204 aa
306 4168 395 4205 correxit
408 4167 481 4215 Porta·
496 4167 600 4217 Ianuarii,
614 4167 650 4205 eod
664 4168 743 4206 litterae
757 4177 826 4205 anuar
838 4168 862 4205 in
873 4176 953 4205 rasura
966 4168 1056 4216 scriprtuc
1069 4171 1118 4206 cunt
1133 4179 1151 4206 c.

233 4242 257 4307 l)
276 4241 318 4308 Os.
337 4261 423 4311 supro
439 4247 605 4310 1131102.
683 4245 709 4310 2)
729 4246 798 4298 Post
815 4245 979 4298 Gcrvoldum
998 4246 1137 4298 Trascrus
1155 4252 1181 4298 et
1197 4245 1361 4302 Eiaburdua

230 4311 349 4378 10910100
367 4315 487 4366 coenobii
502 4320 653 4377 tenuerunt,
673 4313 821 4380 dequibus
835 4329 931 4379 pauco
949 4315 1027 4379 infra
1040 4331 1071 4381 p.
1085 4316 1126 4368 50.
1144 4321 1305 4369 narramur.
