2850 4906
224 279 258 332 42
447 276 560 331 GESTA
581 276 757 330 ABBATUM
776 277 1137 332 FONTANELLENSIUM.

226 430 354 494 Eminet
376 430 409 491 in
432 430 603 494 altitudine
627 431 743 511 pedum
767 433 896 496 circiter
919 436 1005 508 octo,
1034 432 1068 494 in
1089 431 1265 495 latitudine
1286 431 1357 512 plus

227 516 370 578 minusve
393 516 500 582 trium.
542 516 589 579 De
613 538 677 598 qua
700 538 774 581 vero
797 523 888 600 parte
912 522 969 581 aut
990 517 1061 580 loco
1084 522 1142 581 aut
1160 517 1302 598 qualiter
1325 517 1357 579 in

225 602 331 684 ipsum
353 622 470 682 pagum
500 604 693 683 pervenerit,
724 603 765 667 ab
795 603 952 667 universis
982 603 1093 666 incolis
1122 601 1268 666 eiusdem
1295 602 1358 665 loci

227 707 326 768 usque
350 686 392 749 ad
414 708 565 768 praesens
587 689 745 751 incertum
768 688 913 755 habetur.

312 772 477 836 Invenitur
506 778 613 836 autem
643 774 676 836 in
699 772 807 838 Gestis
836 774 924 838 beati
951 773 1127 837 Zachariae
1154 794 1273 856 papae,
1304 774 1358 855 qui

228 858 454 939 nonagesimus
476 859 592 922 tertius
615 880 634 921 a
657 858 751 923 beato
776 861 871 924 Petro
899 859 1044 942 apostolo
1067 859 1247 922 Romanam
1277 860 1360 921 rexit

226 944 430 1019 aecclesiam,
466 945 513 1007 ita
549 966 605 1024 per
637 945 781 1009 ordinem
812 944 1001 1027 scriptum¹:
1038 945 1143 1007 Hairm
1171 944 1360 1028 temporibus·

226 1053 373 1113 mapsam
396 1031 573 1092 thesauram
595 1031 739 1094 domiuus
756 1033 842 1094 Deus
865 1042 965 1094 noster
987 1033 1021 1093 ia
1040 1031 1098 1092 liae
1116 1031 1266 1092 Romana
1285 1029 1360 1091 urba

223 1115 431 1199 pereundam
454 1116 619 1198 almificam
645 1117 819 1200 pontificem
845 1116 1017 1200 propalare
1043 1116 1193 1199 diqrtatas
1219 1125 1271 1179 est.
1321 1119 1360 1178 In

226 1201 396 1263 venerabili
418 1201 521 1284 itaque
541 1202 740 1285 patriarchio
758 1203 1005 1265 sacratissimam
1024 1201 1106 1264 beati
1126 1199 1258 1285 Georpir'
1276 1223 1360 1262 mar-

227 1287 309 1370 tyris
333 1286 431 1349 isdem
457 1288 671 1349 sanctissimas
700 1311 786 1371 papa
818 1289 852 1349 ia
879 1310 976 1371 capsa
1001 1287 1192 1349 reconditam
1220 1285 1361 1369 repperit

227 1381 327 1455 caput.
373 1372 413 1433 la
435 1395 496 1454 quo
519 1383 546 1434 et
566 1373 738 1456 patritiam⁸
757 1375 882 1456 pariter
907 1373 1023 1435 invenit
1050 1372 1164 1434 titteris
1192 1380 1361 1434 accuratam

230 1455 353 1534 Grecis,
388 1458 489 1538 ipsum
520 1480 582 1520 esse
614 1458 869 1541 siqniyicaritibas.
927 1457 990 1529 Qui
1020 1457 1236 1522 sanctissimae
1270 1478 1361 1539 papa

227 1543 351 1605 omnino
386 1542 584 1625 satisfactos,
624 1544 698 1606 ilico
738 1554 907 1627 appreqato
946 1544 1038 1606 latias
1073 1544 1237 1605 Romanae
1272 1541 1361 1604 urbis

225 1627 351 1710 populo,
374 1651 441 1689 cam
464 1629 579 1690 lrimnis
601 1639 629 1691 et
651 1629 780 1691 canticis
806 1629 1005 1713 spiritalibus
1032 1629 1064 1690 in
1093 1627 1266 1690 uenerabile
1289 1626 1361 1688 dia·

227 1714 349 1775 coniam
377 1713 443 1776 eius
471 1714 607 1789 nomiae,
638 1716 729 1776 sitam
753 1715 786 1776 iu
811 1715 868 1776 lvae
893 1716 1037 1776 Romana
1060 1714 1200 1790 civitate,
1233 1713 1361 1796 reqiorte

226 1798 361 1861 secanda
383 1799 426 1861 ad
447 1797 727 1877 Vatum-auream2,
751 1800 846 1862 illucb
869 1800 982 1862 deduci
996 1799 1086 1882 fecit.
1130 1798 1194 1860 Ubi
1216 1799 1362 1860 tamarica

227 1883 383 1946 miracala
405 1895 433 1946 et
455 1884 599 1967 beneficia
622 1886 811 1969 omnipotens
829 1887 915 1947 Deae
938 1886 981 1946 ad
1003 1885 1128 1947 laudam
1149 1884 1287 1946 nominis
1308 1883 1363 1945 rai

225 1992 283 2053 per
304 1970 432 2032 eavrdam
454 1970 702 2033 sacratissimum
724 1981 893 2056 martyrem
917 1971 1044 2055 operari
1066 1971 1226 2053 diqaatar.
1267 1966 1361 2031 Unde

226 2076 347 2133 remur,
377 2055 502 2137 aliquos
533 2055 730 2120 venerabiles
760 2056 843 2118 viros
873 2063 930 2118 aut
960 2055 999 2119 de
1022 2054 1218 2130 Brittannia,
1248 2053 1282 2117 id
1309 2057 1362 2116 est

227 2140 319 2222 gente
344 2141 531 2222 Anglorum,
562 2143 617 2223 qui
647 2143 783 2205 maxime
813 2141 1043 2204 familiariores
1070 2139 1267 2222 apostolicae
1290 2137 1362 2202 sedi

227 2247 353 2308 semper
382 2227 538 2303 existunt,
569 2234 625 2289 aut
655 2226 694 2289 de
722 2227 896 2290 Germania
924 2227 973 2290 vel
1000 2226 1039 2289 de
1067 2246 1257 2307 quacunque
1286 2245 1360 2305 pro-

226 2313 339 2390 vintia,
376 2311 419 2375 ad
451 2333 549 2394 quam
580 2312 763 2376 intrandam
796 2333 884 2374 mare
916 2311 1148 2375 transeundum
1180 2317 1243 2380 est,
1281 2315 1361 2372 tunc

226 2397 377 2479 temporis
400 2399 432 2459 in
452 2398 597 2461 Romana
619 2396 750 2460 affuisse
774 2397 863 2475 urbe,
886 2397 1116 2480 praefataeque
1138 2395 1294 2478 reliquias
1318 2393 1361 2458 ab

227 2484 297 2565 ipso
320 2482 471 2564 pontifice
495 2489 652 2565 acceptas,
681 2483 757 2546 dum
781 2483 910 2545 domurn
934 2483 1040 2546 redire
1062 2483 1189 2555 vellent,
1220 2482 1254 2544 in
1277 2481 1361 2544 mari

227 2575 390 2650 correptos
414 2567 582 2649 naufragio
605 2576 663 2632 aut
684 2570 900 2651 qualicunque
923 2568 1121 2646 discrimine,
1154 2567 1263 2649 sicque
1287 2567 1361 2646 ipsa

226 2655 359 2737 pignera
387 2654 546 2731 amisisse,
577 2661 721 2737 nutuque
745 2654 805 2718 Dei
834 2655 866 2716 in
895 2654 979 2716 idem
1002 2653 1199 2717 territorium
1224 2651 1361 2715 advecta

227 2741 308 2815 fore,
336 2739 391 2802 ubi
419 2761 520 2822 usque
547 2761 632 2802 nunc
655 2762 675 2802 a
697 2739 846 2804 fidelibus
868 2739 996 2821 populis
1020 2760 1145 2802 summa
1167 2737 1361 2801 excoluntur

227 2826 438 2889 veneratione.
493 2825 709 2908 Consequenti
745 2847 871 2908 quoque
907 2831 1049 2905 tempore
1085 2823 1217 2906 quidam
1252 2829 1361 2905 pater-

227 2911 367 2974 familias
395 2911 524 2974 nomine
547 2911 785 2986 Bernehardus,
817 2911 894 2991 quia
925 2911 993 2973 eius
1022 2908 1183 2991 possessio
1213 2913 1298 2984 erat,
1326 2908 1360 2970 in

227 3018 291 3078 qua
314 2997 385 3078 ipsa
407 2996 545 3060 basilica
573 2996 732 3078 praedicti
755 2997 906 3079 martyris
937 2997 999 3058 sita
1021 2995 1161 3073 videtur,
1189 2992 1265 3056 huic
1289 3014 1359 3056 coe-

227 3081 321 3145 nobio
350 3102 420 3144 eam
452 3081 662 3159 contradidit,
693 3084 802 3164 sicque
825 3082 858 3143 in
882 3081 1037 3144 ditionem
1067 3080 1164 3143 huius
1194 3079 1259 3142 loci
1287 3099 1360 3161 per-

227 3168 321 3230 venit.
367 3166 456 3230 Haec
485 3166 524 3229 de
554 3165 741 3230 advectione
771 3167 980 3248 reliquiarum
1007 3166 1095 3230 beati
1118 3164 1248 3245 Georgii
1274 3184 1360 3226 mar-

227 3253 315 3331 tiris,
345 3261 441 3334 prout
469 3251 582 3315 auditu
613 3251 712 3315 didici
747 3252 795 3314 vel
820 3253 854 3314 in
883 3252 1011 3333 seriptis
1034 3251 1175 3315 eiusdem
1199 3247 1360 3331 pontificis

227 3339 333 3401 inveni
355 3344 412 3401 aut
438 3338 535 3400 etiam
558 3338 626 3419 ipse
645 3338 719 3412 vidi,
743 3338 819 3419 quia
837 3344 985 3417 tempora
1004 3337 1224 3401 convenientia
1243 3334 1360 3409 inveni,

228 3424 401 3487 memoriae
425 3423 577 3486 mandare
602 3424 719 3488 curavi.
765 3423 849 3485 Nam
877 3422 987 3485 eodem
1015 3444 1079 3505 quo
1107 3419 1260 3485 advectae
1285 3424 1361 3482 sunt

228 3518 371 3591 tempore
401 3515 433 3572 et
462 3509 637 3572 Zacharias
668 3509 864 3590 apostolicus
896 3515 928 3570 et
960 3508 1114 3591 Pippinus
1146 3507 1296 3587 princeps
1328 3510 1362 3566 et

229 3595 393 3658 Rihwinus
425 3615 530 3657 comes
560 3594 727 3669 extiterat,
758 3594 830 3656 ideo
858 3593 947 3656 nulla
970 3593 1009 3656 de
1032 3592 1093 3656 hoc
1116 3598 1165 3656 est
1187 3590 1360 3654 dubitatio.

228 3681 310 3744 Nam
339 3687 372 3744 et
400 3679 543 3743 codicem
570 3680 660 3742 illum
689 3679 924 3760 euangelicum,
954 3689 990 3742 ut
1018 3679 1179 3760 scriptura
1202 3676 1287 3739 idem
1311 3675 1360 3736 in-

228 3766 346 3841 sinuat,
370 3766 403 3827 in
427 3766 581 3828 Romulea
603 3764 683 3828 urbe
707 3766 860 3846 scriptum
884 3771 1019 3829 constat.

314 3851 400 3913 Huic
445 3852 571 3932 egregio
612 3853 698 3931 patri
739 3847 907 3913 Austrulfo
952 3849 1053 3912 edidit
1098 3848 1258 3929 gloriosus
1303 3867 1361 3909 rex

228 3935 404 4020 Pippinus3
427 3937 628 4018 privilegium
652 3957 763 4000 sacrae
782 3954 860 3997 suae
884 3935 1100 4009 auctoritatis
1124 3934 1156 3995 in
1180 3952 1243 4014 quo
1267 3952 1361 4014 prae-

227 4074 249 4124 τι)
263 4085 337 4113 maura
347 4075 451 4122 posterior
464 4075 553 4112 correxit
566 4074 673 4122 pltatlnm.
739 4071 762 4121 b)
777 4054 852 4111 manua
865 4075 935 4112 altena
949 4073 1038 4111 corruerit
1051 4072 1106 4110 illud
1120 4069 1160 4120 (se.
1176 4068 1256 4118 caput).

229 4161 253 4221 1)
269 4162 352 4214 Liba
365 4160 483 4227 pontific.
498 4161 560 4213 Vita
569 4161 731 4224 Zachariae,
746 4177 790 4226 ap.
801 4162 897 4226 Mtpae
908 4159 1077 4218 CXXVIII,
1088 4174 1117 4223 p.
1132 4157 1206 4210 1059.
1260 4156 1286 4222 2)
1301 4156 1361 4210 Soa

228 4229 340 4295 Giorqto
356 4229 385 4280 ia
406 4228 527 4281 Velabro.
592 4228 619 4292 3)
639 4229 723 4281 Hanc
740 4244 794 4280 rto-a
811 4230 879 4281 eatis
897 4233 1024 4280 accurate
1041 4227 1097 4279 iam
1110 4242 1198 4292 repam
1212 4225 1360 4288 nominari,

229 4303 343 4352 aaaotot
362 4297 457 4362 Halia,
476 4295 590 4349 ‘Jaora'
609 4312 636 4361 p.
652 4298 709 4359 119,
727 4313 754 4348 a.
768 4298 793 4349 3.
