2850 4906
185 297 219 351 26
400 293 514 350 ansul
533 293 709 349 ABBATUM
727 294 1090 351 FONTANELLENSIUM.

186 450 310 514 eiacum
346 449 411 514 sive
446 449 584 531 Dingum
624 471 720 532 super
755 448 852 513 fluvio
875 451 1032 528 Andura,
1070 451 1143 514 item
1182 451 1311 513 Landas

184 536 304 617 largita
326 542 382 603 est.
433 536 524 598 Anno
547 542 662 618 quarto
685 541 810 619 partem
839 535 878 599 de
901 537 1042 600 Tritiaco
1070 543 1102 600 et
1124 537 1311 600 Acbrando‘*

185 622 296 685 villare
327 621 509 684 Ermfridus
547 623 693 689 contulit.
756 622 836 685 Item
871 622 1071 686 Monticellos
1107 623 1141 685 in
1178 629 1311 686 centena

185 707 401 771 Natsanninse
424 707 654 772 Erchenfridus
678 708 823 772 contulit.
864 710 954 772 Anno
978 710 1089 790 quinto
1109 709 1310 789 Anganulfus

184 801 308 876 partem
337 793 474 857 contulit
501 794 534 855 in
561 795 753 858 Framsariis
783 794 909 857 viciniis
936 793 1089 874 Grcssus,
1120 800 1153 858 et
1179 794 1308 876 quidam

184 879 308 943 Waddo
331 880 365 942 in
388 878 536 945 Oolnitio.

271 966 360 1030 Obiit
389 972 495 1029 autem
525 966 627 1028 isdem
656 965 847 1030 venerabilis
877 972 972 1048 pater
999 966 1160 1048 Benignus
1188 966 1310 1029 decimo

184 1052 280 1115 tertio
302 1050 437 1118 Kalend.
460 1052 588 1134 Aprilis.

244 1211 273 1272 8.
310 1205 425 1270 Gesta
448 1206 619 1288 Hugonis
642 1206 927 1289 archiepiscopi
951 1207 1250 1289 Rotomagensis.

270 1325 372 1410 Hugo,
396 1325 481 1389 filius
501 1326 693 1409 Drogouis1,
720 1326 767 1388 vir
788 1325 991 1406 venerabilis,
1015 1347 1034 1390 a
1057 1332 1159 1390 matre
1182 1326 1311 1389 nomino

187 1410 385 1476 Adeltrude²
415 1413 617 1495 progenituS,
646 1432 745 1493 nepos
773 1412 886 1476 Karoli
918 1413 1118 1494 sagacissimi
1147 1413 1310 1495 principis,

184 1497 440 1581 archiepiscopus
458 1498 701 1579 Rotomagensis
720 1498 904 1577 aecclesiae,
924 1504 996 1581 post
1014 1497 1196 1580 praefatum
1218 1497 1311 1562 Beni-

184 1605 280 1664 gnum
303 1585 444 1666 regimen
464 1583 558 1648 huius
578 1584 719 1667 suscepit
742 1584 887 1648 coenobii
909 1583 949 1648 ab
974 1605 1058 1648 anno
1081 1584 1311 1648 incarnationis

185 1669 364 1733 dominicae
394 1671 484 1745 7232
513 1669 687 1734 indictione
714 1671 762 1743 6⁶,
792 1671 848 1753 qui
878 1676 947 1734 erat
976 1691 1080 1733 annus
1109 1670 1312 1753 principatus

184 1755 296 1818 Karoli
323 1775 434 1835 nonus,
462 1756 608 1838 Gregorii
633 1776 706 1819 vero
733 1756 865 1819 secundi
889 1777 993 1838 papae
1002 1754 1025 1831 3,
1051 1757 1106 1837 qui
1124 1756 1194 1819 loco
1213 1775 1311 1818 nona-

184 1842 304 1923 gesimo
323 1863 343 1906 a
362 1847 473 1905 sancto
494 1843 588 1905 Petro
607 1843 770 1905 Romanae
788 1842 931 1923 praefuit
949 1841 1133 1919 aecclesiae,
1157 1842 1311 1923 septimus

184 1927 327 1991 instabat
353 1949 466 1993 annus.
526 1927 619 1991 Rexit
647 1927 734 1991 istud
764 1927 951 1991 coenobium
980 1949 1038 2010 per
1066 1948 1166 1991 annos
1197 1947 1311 1990 novem

185 2019 217 2076 et
245 2035 369 2078 menses
399 2013 479 2076 duos
509 2021 542 2077 et
566 2013 634 2077 dies
659 2014 811 2077 tredecim
821 2013 844 2091 ⁴¹,
876 2013 909 2077 id
932 2021 1103 2096 estusque
1127 2012 1167 2076 ad
1192 2034 1311 2077 annum

184 2100 488 2163 sextumdecimum
510 2101 710 2183 principatus
733 2099 869 2163 antefati
887 2099 1009 2178 Karoli,
1035 2100 1180 2182 Gregorii
1203 2105 1310 2162 autem

183 2185 321 2268 praefati
343 2206 444 2268 papae
468 2185 625 2250 decimum
648 2185 827 2268 septimum,
853 2185 1033 2249 dominicae
1057 2205 1184 2271 quoque
1208 2185 1312 2248 incar-

184 2272 323 2335 nationis
342 2272 435 2351 730⁶,
459 2272 664 2336 indictionem
685 2272 752 2338 130.

270 2357 332 2422 Hic
367 2359 466 2422 etiam
504 2358 723 2440 praesulatum
758 2357 911 2421 ecclesiae
939 2358 1123 2421 Parisiacae
1152 2357 1312 2440 simulque

186 2442 436 2508 baiocassinae⁵
475 2465 547 2507 cum
583 2444 809 2526 Rotomagensi
845 2444 963 2520 tenuit,
1007 2442 1148 2508 factione
1189 2443 1332 2506 scilicet·

183 2529 293 2610 patrui
315 2530 365 2593 sui
392 2530 505 2593 Karoli
531 2529 703 2612 principis,
732 2535 823 2593 extra
849 2529 978 2592 decreta
1004 2534 1112 2592 tamen
1139 2549 1310 2607 canonum;

184 2615 338 2679 coenobia
355 2636 429 2679 vero
449 2615 604 2680 nobiliora
616 2614 830 2679 Fontinellam
848 2621 880 2678 et
897 2614 1159 2692 Gemmeticumss,
1177 2613 1311 2698 praedia

183 2721 257 2765 vero
286 2702 374 2783 regia
404 2722 486 2783 quae
516 2701 585 2765 eius
613 2701 802 2764 insederunt
830 2702 947 2768 animo.
998 2699 1069 2764 Non
1098 2701 1182 2764 enim
1213 2720 1311 2764 causa

184 2807 352 2868 perversae
376 2787 564 2870 cupiditatis
586 2794 643 2850 aut
666 2786 773 2868 aliquo
797 2788 935 2851 seculari
964 2786 1049 2850 fastu
1073 2807 1093 2850 a
1116 2794 1230 2871 patruo
1255 2807 1310 2850 suo

184 2872 304 2937 Karolo
326 2874 470 2957 principe
493 2874 559 2937 sive
588 2894 608 2936 a
634 2873 762 2954 regibus
782 2873 978 2936 Francorum
1001 2874 1056 2955 qui
1079 2873 1147 2936 eius
1169 2881 1311 2954 tempore

184 2966 312 3040 sceptra
331 2960 422 3041 regni
441 2959 537 3022 huius
553 2959 769 3036 obtinuerunt,
788 2958 820 3021 id
841 2967 890 3022 cst
903 2958 1102 3036 Hildeberto,
1117 2958 1309 3040 Dagoberto,

183 3044 361 3128 Hilperico,
391 3045 560 3108 Hlothario
594 3064 716 3108 necnon
746 3053 777 3108 et
805 3044 995 3123 Teoderico,
1031 3065 1069 3108 ea
1098 3044 1308 3125 impetrabat,

184 3130 240 3194 sed
263 3137 299 3195 ut
321 3132 429 3194 statim
448 3131 622 3194 aecclesiae
642 3128 760 3194 Christi
779 3129 998 3207 contraderet,
1022 3131 1126 3194 sciens
1145 3130 1310 3213 scriptum,

184 3218 269 3298 quod
298 3238 336 3280 ea
364 3216 528 3280 hereditas
557 3215 636 3280 bene
658 3216 853 3293 reconditur,
885 3236 966 3298 quac
990 3216 1056 3279 Deo
1084 3215 1216 3279 custode
1245 3237 1309 3278 ser-

183 3309 285 3367 vatur.
324 3303 425 3366 Mater
443 3303 579 3385 denique
593 3303 671 3379 eius,
691 3308 727 3366 ut
739 3303 966 3385 praediximus
981 3300 1168 3379 Adaltrudis
1181 3303 1310 3364 nomine

184 3387 251 3452 filia
271 3391 377 3452 luerat
393 3388 591 3452 Warattonis
611 3387 801 3452 nobilissimi
815 3389 947 3451 maioris
961 3387 1073 3451 domus
1087 3388 1195 3468 regiae
1213 3393 1309 3468 atquc

185 3472 351 3553 Ansfledis,
375 3475 517 3557 coniugis
540 3475 617 3552 eino,
642 3475 698 3556 qui
719 3474 858 3557 plurima
880 3474 956 3537 huic
983 3474 1177 3537 monasterio
1201 3474 1309 3557 largiti

68 3560 414 3640 nxnnn.SU11tprassdla·
447 3579 593 3647 Denique
606 3578 778 3644 praedicta
791 3579 855 3631 reli
883 3579 954 3631 iosa
968 3581 999 3630 et
1013 3580 1147 3631 strenua
1160 3580 1310 3632 matrona

72 3645 161 3694 cepero.
184 3646 367 3709 Ansfledis,
391 3649 464 3702 avia
487 3665 556 3709 sua,
580 3647 744 3701 derelicta
769 3595 931 3716 siquidem
950 3646 1166 3708 Warratonis,
1191 3646 1230 3699 ad
1252 3664 1307 3700 uu-

30 3695 347 3790 Mssff'jssggqtriendum
366 3720 557 3783 susceperat
575 3717 679 3783 ipsum
697 3716 877 3784 Hugonem‚
896 3719 1023 3782 patrem
1042 3715 1164 3768 demum
1186 3716 1309 3782 glorio-

184 3786 357 3839 sissimum.
401 3785 487 3839 Haec
514 3785 622 3852 igitur
652 3785 850 3852 prudentiae
881 3787 912 3837 et
938 3783 1093 3850 providae
1122 3784 1308 3837 industriae

184 3887 204 3936 a)
223 3889 259 3927 Tr.
274 3897 300 3925 ec
313 3886 406 3926 Brando.
420 3889 467 3927 edd.
520 3888 544 3934 b)
558 3886 714 3926 mccxxxlx
732 3899 758 3934 a,
777 3886 814 3924 sed
827 3887 880 3925 XIX
895 3888 917 3924 iu
930 3898 1020 3933 rusum
1039 3886 1232 3933 septingentesimo
1251 3888 1309 3934 vlgc·

184 3943 238 3978 ulmo
251 3939 314 3977 tertlo
328 3939 376 3977 edd.
428 3940 449 3989 c)
466 3941 498 3978 sic
516 3939 575 3985 cdd.,·
596 3949 677 3976 erucam
695 3951 725 3987 a,
744 3940 768 3977 in
785 3949 851 3990 marg.
866 3938 915 3978 XV.
972 3937 1194 3986 mmanuapouertm
1207 3939 1231 3977 ia
1243 3949 1308 3988 marg.

183 3991 294 4040 ueevtpett:
314 3992 530 4040 septingentesimum
550 3990 740 4039 quadragesimum
759 3995 867 4028 octavum.
934 3990 957 4037 s)
979 3989 1032 4029 VIIl
1047 4002 1077 4038 a,
1096 3989 1132 4027 aad
1146 3989 1165 4028 V
1184 3991 1207 4028 in
1220 4000 1309 4036 rasator

184 4043 266 4082 decima
279 4043 344 4082 tertia
356 4043 403 4082 edd.

185 4129 210 4191 1)
225 4130 294 4184 Fut
305 4130 421 4196 Pappiua'
433 4130 474 4183 II.
526 4129 553 4192 2)
567 4131 603 4181 la
613 4132 686 4181 Anu.
698 4129 821 4183 Metteas.
832 4145 857 4181 a.
868 4128 931 4189 693,
951 4127 998 4181 SS.
1008 4129 1033 4191 I,
1041 4146 1068 4192 p.
1078 4129 1137 4192 321,
1151 4129 1309 4182 nominatur

184 4199 332 4259 Austrudc's
349 4196 505 4261 (Austrudis
524 4213 591 4250 corr.
610 4195 752 4249 Austrudis
772 4197 828 4249 cod.
845 4196 880 4250 G.
902 4197 969 4261 W.);
993 4197 1027 4260 cf.
1042 4197 1160 4263 Breyst'y
1178 4198 1194 4249 l.
1209 4198 1225 4251 l.
1240 4214 1269 4264 p.
1284 4198 1306 4259 2,

184 4285 210 4320 u.
220 4268 245 4320 4.
314 4266 340 4331 3)
360 4269 394 4320 A.
404 4267 547 4320 715-731.
616 4264 644 4331 4)
663 4266 740 4318 Aoni
756 4266 893 4331 regiminis
910 4281 965 4318 uon
982 4265 1049 4318 recti
1066 4271 1146 4327 suat;
1164 4266 1201 4328 cs.
1215 4266 1307 4319 Mutt-

186 4336 284 4390 bocbcr
293 4351 322 4402 p.
334 4338 373 4388 10.
426 4336 453 4400 5)
472 4335 598 4402 Bayeuae.
667 4333 694 4396 6)
712 4334 856 4400 Jumuoes.
