2850 4906
244 296 277 350 52
465 291 578 346 GESTA
596 291 770 345 ABBATUM
788 291 1146 347 FONTANELLENSIUM.

245 468 347 529 neque
366 445 500 509 acerbus
518 443 728 526 reprehensor
747 465 848 527 neque
867 445 1012 509 curiosus
1033 451 1201 510 scrutator.
1234 446 1372 511 Cunctis

246 533 381 615 denique
405 531 569 612 benignus,
592 532 625 594 in
648 530 790 594 adversis
813 529 933 608 firmus,
956 532 990 594 in
1012 533 1174 612 prosperis
1196 539 1315 597 cautus
1338 540 1373 598 et

245 618 384 683 humilis
417 617 564 680 Iustitiae
578 621 738 697 postremo
753 617 900 680 virtutem
920 638 1015 698 quam
1034 617 1199 698 magnifice
1217 621 1371 697 tenuerit,

245 711 406 769 testantur
438 703 627 784 legationes,
663 702 778 785 quihus
813 703 902 766 iussu
937 710 1146 786 augustorum
1182 703 1372 787 frequenter

245 792 372 855 functus
414 798 474 866 est,
518 789 655 852 maxime
691 809 729 851 ea
765 808 847 870 quae
883 795 1026 870 tempore
1058 789 1165 853 domni
1197 790 1371 855 Hludovici

245 877 352 957 magni
369 875 573 956 imperatoris
591 875 680 938 iussu
699 873 841 938 eiusdem
860 875 1006 956 partibus
1025 895 1154 939 marcae
1172 876 1371 960 Hispanioae

245 960 407 1026 celebrata
435 965 483 1024 est
512 959 663 1024 adversus
686 960 907 1024 Gautselinum
939 960 1101 1024 custodem
1128 961 1241 1026 limitis
1271 963 1370 1028 illius.

245 1048 326 1112 Erat
349 1048 431 1110 enim
454 1047 488 1109 in
511 1067 654 1110 sermone
673 1046 885 1124 verissimus*,
908 1047 941 1109 in
960 1045 1052 1110 bonis
1072 1049 1222 1129 operibus
1241 1071 1372 1132 promp-

245 1140 306 1211 tus,
330 1133 363 1196 in
385 1132 503 1195 iudicio
526 1133 643 1210 iustus,
670 1133 702 1194 in
726 1132 858 1196 consilio
882 1133 1045 1214 providus,
1072 1135 1105 1196 in
1126 1133 1273 1199 bonitate
1296 1157 1370 1200 con-

247 1221 388 1300 spicuus,
421 1219 454 1281 in
482 1219 617 1282 caritate
644 1218 843 1299 praeclarus,
876 1217 938 1281 fide
966 1219 1152 1296 catholicus,
1185 1220 1371 1284 elemosinis

246 1306 343 1383 dives,
366 1304 441 1385 vigil
463 1304 600 1385 ingenio,
624 1314 792 1385 promptus
812 1304 946 1388 eloquio,
969 1303 1107 1387 flagrans
1127 1305 1243 1371 studio.
1281 1306 1369 1370 Utile

245 1412 358 1472 nempe
385 1412 440 1453 vas
466 1392 500 1453 in
527 1390 620 1453 domo
649 1390 778 1454 Domini
810 1391 875 1453 Deo
903 1389 1012 1454 sedule
1040 1391 1192 1469 serviens,
1223 1400 1370 1457 errantes

246 1478 420 1558 corrigens,
458 1482 617 1539 correctos
653 1475 774 1554 fovens,
818 1475 997 1540 obstinatos
1028 1498 1194 1557 spernens,
1230 1479 1369 1542 humiles

247 1584 372 1643 semper
401 1561 550 1642 diligens,
580 1563 648 1643 regi
670 1568 795 1626 terreno
818 1561 991 1641 subiectus
1022 1562 1149 1627 Christo
1173 1563 1369 1628 dominatori

248 1651 388 1711 omnium
425 1647 566 1712 devotus.
628 1647 789 1724 Quantum
824 1669 898 1711 vero
933 1650 966 1711 in
1000 1649 1246 1713 aecclesiasticis
1283 1651 1370 1714 curis

144 1747 177 1795 *r-
188 1746 232 1785 ²9⁵·
247 1736 387 1812 intentus
417 1733 529 1812 fuerit,
564 1739 724 1797 testantur
756 1755 889 1797 munera
916 1735 948 1797 in
972 1734 1133 1798 coenobiis
1162 1735 1248 1800 ‘eius
1272 1756 1369 1800 curae

247 1820 381 1884 subditis
413 1819 453 1882 ab
484 1821 553 1901 ipso
583 1819 709 1883 collata.
763 1819 800 1881 ln
828 1819 1019 1884 Luxoviensi
1048 1842 1186 1903 namque
1216 1823 1369 1886 coenobio

245 1907 324 1969 haee
351 1906 434 1969 dona
461 1904 591 1968 obtulit:
619 1926 743 1969 crucem
770 1926 901 1969 auream
924 1905 1057 1969 mirifice
1080 1906 1208 1983 factam,
1236 1911 1370 1990 gemmis

245 1991 484 2076 pretiosissimis
506 1991 698 2068 decoratam,
722 1990 893 2054 habentem
916 1992 1064 2056 baculum
1088 2001 1219 2075 argento
1239 2014 1370 2077 oooper-

245 2089 323 2156 tum,
347 2099 441 2161 quem
461 2098 566 2140 secum
586 2077 697 2140 solitus
717 2078 837 2141 eratin
855 2079 971 2142 itinere
989 2077 1146 2157 baiulare3
1171 2078 1367 2144 offertorium

246 2185 378 2229 aureum
392 2185 463 2227 cum
478 2169 596 2244 patena
612 2184 671 2226 sua
681 2185 779 2226 aurea
793 2183 888 2244 opere
902 2163 1056 2242 mirabili;
1071 2165 1187 2228 calices
1201 2173 1370 2248 argenteos

245 2258 310 2314 tres
326 2249 496 2312 deauratos
510 2248 677 2329 anaglifico
694 2269 788 2331 opere
803 2257 962 2330 patratos3
984 2248 1167 2331 hanappum
1182 2260 1368 2333 argenteum

246 2357 341 2418 opere
371 2336 491 2416 optimo
521 2335 651 2413 factum,
682 2335 850 2398 habentem
879 2336 1009 2400 limaces
1032 2357 1147 2400 aureos
1174 2345 1314 2420 quatuor
1337 2340 1368 2401 in

245 2421 343 2484 fundo
358 2421 498 2484 exterius
513 2420 573 2484 sibi
588 2420 752 2499 adnixos⁸;
772 2422 975 2502 aquamanile
990 2431 1020 2485 et
1037 2443 1167 2486 urceum
1183 2433 1370 2505 argenteum

245 2506 386 2570 mirabili
417 2527 522 2587 opere.
577 2507 685 2569 Altare
716 2507 796 2570 illud
827 2508 860 2569 in
891 2506 1008 2572 honore
1036 2516 1209 2590 perpetuae
1237 2511 1369 2592 virginis

245 2594 368 2657 Mariae
396 2590 556 2656 decoravit
582 2592 688 2674 lignea
714 2592 838 2671 tabula,
867 2614 964 2675 quam
991 2594 1185 2675 imaginibus
1208 2598 1369 2677 argenteis

245 2680 378 2743 diversis
403 2679 575 2760 cooperuit.
622 2678 672 2741 De
695 2679 935 2743 vestimentis
957 2701 1061 2746 vero:
1089 2680 1283 2743 dirodimum
1315 2703 1369 2763 op-

245 2767 358 2830 timum
380 2786 488 2840 uuum,
512 2766 657 2845 planetas
680 2764 806 2828 casulas
830 2767 979 2848 quinque,
1005 2765 1177 2830 cindados¹
1201 2767 1369 2831 duodecim

245 2852 360 2915 coloris
387 2850 513 2929 diversi,
541 2849 731 2913 dalmaticas
753 2857 828 2927 tres,
855 2851 954 2933 pallia
977 2850 1132 2915 fundata²
1155 2873 1219 2930 sex,
1248 2854 1371 2935 tapetia

245 2938 366 3021 optima
397 2942 476 2999 octo.
531 2936 727 3000 hecclesiam
759 2938 862 2999 sancti
889 2937 975 3001 Petri
1007 2937 1154 3001 altiorem
1183 2939 1217 3000 in
1245 2938 1370 3002 fabrica

245 3045 304 3087 sua
327 3041 435 3084 muros
458 3021 527 3084 eius
550 3022 696 3084 exaltans
718 3022 859 3086 reddidit
881 3043 919 3086 ac
942 3044 1013 3087 cum
1036 3023 1134 3086 clavis
1161 3022 1274 3088 ferreis
1299 3046 1368 3088 eam

246 3108 416 3192 cooperuit.
454 3107 613 3170 Porticum
637 3114 803 3190 praeterea
826 3129 908 3190 quae
926 3109 1014 3172 vadit
1032 3108 1071 3172 de
1089 3110 1245 3173 aecclesia
1267 3111 1370 3174 sancti

248 3195 333 3258 Petri
356 3194 397 3256 ad
420 3191 570 3256 Sanctum
590 3193 764 3256 Martinum
787 3215 806 3256 a
824 3215 905 3259 novo
924 3194 1009 3274 fecit,
1034 3203 1065 3259 et
1084 3216 1153 3258 eam
1173 3197 1369 3277 cooperiens,

247 3281 408 3346 scindulas
432 3280 499 3342 eius
522 3278 633 3342 ferreis
656 3279 753 3342 clavis
775 3278 887 3345 affixit.

333 3366 384 3428 De
411 3364 595 3429 coenobio
626 3366 649 3427 F
656 3365 885 3430 outanellae.
932 3366 966 3428 ln
993 3365 1053 3429 hoe
1079 3367 1178 3448 igitur
1199 3366 1370 3430 Fontunel-

246 3452 327 3516 lensi
345 3451 498 3515 coenobio
517 3451 596 3514 haec
611 3472 741 3514 munera
756 3452 903 3515 contulit:
928 3452 1078 3515 calicemb
1091 3472 1222 3516 aureum
1238 3452 1369 3533 mirifice

248 3538 376 3615 factum,
394 3537 475 3601 duas
494 3536 655 3601 hincinde
673 3536 845 3600 habentem
859 3539 989 3601 ansulas
1003 3539 1134 3620 gemmis
1152 3538 1303 3619 pretiosis
1317 3538 1369 3601 de-

248 3629 399 3701 coratum,
415 3625 469 3706 qui
482 3630 596 3706 pensat
608 3623 736 3702 libram;
752 3623 887 3686 alterum
897 3630 1082 3706 argenteum
1096 3622 1263 3705 anaglifioo
1274 3644 1368 3707 opere

247 3710 368 3773 lactum
389 3709 493 3791 operis
513 3709 651 3772 mirandi
671 3731 744 3772 cum
764 3716 881 3791 patena
901 3731 960 3772 sua
982 3718 1147 3791 argentea3
1171 3709 1367 3774 offertorium

247 3802 431 3877 argenteum
451 3796 591 3859 eiusdem
611 3795 719 3859 calicis
736 3794 858 3858 habens
876 3795 1013 3878 effigiem
1027 3794 1153 3859 mirifici
1168 3797 1287 3877 operis;
1306 3797 1369 3860 alia
1401 3825 1405 3832 ·

247 3881 408 3945 offertoria
427 3888 576 3964 argentea
595 3903 665 3945 cum
684 3881 810 3964 patenis
828 3883 988 3963 argenteis
1002 3882 1199 3959 earumdem;
1219 3903 1368 3947 eoronam

308 4021 332 4084 *)
351 4022 424 4074 Edd.
443 4022 522 4074 edd:
542 4020 569 4071 in
587 4019 638 4071 fide
656 4019 830 4072 firmissimus.

248 4120 269 4170 s)
282 4123 313 4160 sic
325 4132 343 4160 e.
396 4119 418 4166 b)
431 4121 454 4158 in
468 4120 515 4158 edd.
530 4121 592 4158 verbu
605 4120 695 4158 eslioem
709 4141 734 4148 -
748 4124 890 4168 ornatumque
903 4122 983 4160 tubulis
1002 4123 1104 4160 eburneis
1117 4125 1233 4170 sequuntur
1246 4123 1368 4162 Portionem

248 4184 348 4220 magnam
361 4191 387 4200 -
400 4176 422 4210 et
435 4171 510 4210 diebus
525 4172 625 4209 sedecim.

249 4260 273 4325 l)
297 4261 315 4312 s'.
333 4277 357 4326 q.
376 4259 568 4323 candelarem
586 4258 725 4312 schoerten
741 4260 783 4310 uel
797 4275 904 4324 pannos
922 4261 1028 4313 sericos.
1097 4261 1124 4325 2)
1143 4263 1200 4314 Aut
1218 4277 1285 4314 auro
1298 4267 1368 4315 tectu

248 4335 296 4382 out
314 4329 351 4380 ool
368 4328 484 4393 formum
501 4327 565 4380 retis
580 4327 723 4391 piscatorii
738 4328 828 4392 fuclon·
847 4328 906 4380 vide
924 4329 1058 4396 Dueuupe
1075 4345 1096 4383 s.
1111 4345 1134 4382 o.
