2850 4906
298 284 412 340 GESTA
431 285 607 338 ABBATUM
625 282 987 337 FONTANELLENSIUM.
1171 284 1206 337 43

73 441 173 522 cepit,
213 447 248 503 ut
280 438 387 501 nullus
423 438 520 501 iudex
552 460 654 520 neque
686 443 817 500 exactor
848 438 894 499 rei
924 435 1071 518 publicae
1103 436 1206 514 gentis

72 527 272 588 Francorum
295 524 337 588 ad
360 546 473 588 causas
496 523 673 588 audiendas
696 544 735 585 ac
757 522 848 585 freda
870 521 1026 602 exigenda
1051 542 1107 584 nec
1129 520 1206 584 fide-

72 612 216 674 iussores
252 609 458 691 accipiendos
496 631 554 673 nec
594 608 635 671 ad
671 609 770 671 ullam
811 615 997 670 exacturam
1034 607 1205 687 gerendam

73 702 266 779 potestatem
295 695 391 759 huius
413 695 561 759 coenobii
588 693 713 776 ingredi
736 693 864 772 audeat,
889 693 943 755 sed
968 693 1028 756 sub
1051 692 1206 774 perhenni

75 805 136 845 sua
160 780 345 845 defensione
368 803 405 845 ac
433 783 630 863 protectione
655 801 767 843 secura
790 781 823 842 in
847 785 1032 842 aeternum⁸
1054 777 1095 840 ab
1119 778 1206 841 omni

73 868 298 951 quaerimonia
343 867 463 930 valeret
505 886 692 949 permanere
703 866 722 928 ¹.
791 864 881 942 Quod
927 864 1128 945 privilegium
1173 864 1206 925 in

73 954 204 1016 scriniis
227 953 322 1016 huius
344 954 447 1016 nostri
471 952 615 1016 coenobii
643 973 701 1034 pro
730 972 860 1014 munere
888 971 980 1013 sacro
1004 949 1110 1012 adbuc
1133 971 1206 1011 con-

74 1046 232 1105 servatur.
281 1038 430 1101 Aeditum
459 1045 508 1101 est
534 1059 617 1101 anno
646 1037 825 1100 dominicae
853 1035 1085 1098 incarnationis
1113 1033 1205 1110 7502,

73 1125 128 1188 die
148 1129 177 1188 8.
193 1124 307 1186 lduum
331 1123 505 1198 lunianum,
531 1121 717 1186 Vermeria3
739 1123 862 1205 palatio
883 1123 979 1202 regio.
1024 1136 1105 1202 Quot
1125 1155 1207 1191 anno
1233 1134 1267 1172 Ε*
1280 1132 1338 1172 *³¹¹⁰-

73 1211 161 1265 idem
181 1211 346 1277 gloriosus
364 1210 525 1277 Pippinus
544 1227 579 1262 ex
603 1209 753 1262 consultu
776 1209 868 1262 beati
895 1209 1074 1260 Zachariae
1104 1222 1206 1274 papae
1230 1184 1338 1276 gfffpffi,

73 1281 169 1333 urbis
196 1280 313 1332 Romae
350 1296 365 1331 a
397 1279 566 1331 bonifacio
598 1279 850 1345 archiepiscopo
886 1279 1014 1329 unctus.
1046 1292 1102 1328 rex
1134 1291 1206 1328 con·
1226 1287 1348 1327 uenata

73 1349 236 1401 stituitur
254 1348 465 1407 Francorum,
490 1347 602 1400 ablato
626 1347 791 1413 principis
816 1346 952 1398 nomine.
988 1344 1078 1397 Unde
1101 1360 1208 1396 rumor
1238 1338 1325 1429 ghgffl·

74 1417 248 1484 potentiae
267 1417 336 1469 eius
355 1419 387 1468 et
405 1417 503 1469 timor
522 1416 661 1468 virtutis
680 1416 712 1467 in
730 1416 901 1467 universas
926 1414 1066 1466 transiit
1090 1414 1208 1464 terrae.
1240 1395 1332 1483 ,fffi

75 1487 118 1538 Et
135 1484 328 1538 Hildericus
347 1501 412 1544 rex,
438 1486 680 1551 Meroingoram
704 1501 739 1536 ex
765 1500 882 1552 genere
908 1486 1012 1545 ortus,
1038 1481 1207 1548 depositus
1234 1493 1335 1532 neurius.

74 1558 259 1622 tensusque
285 1570 323 1605 ac
348 1553 382 1605 in
403 1553 604 1607 monasterio
629 1552 742 1605 Sancti
768 1551 945 1605 hadomari
964 1550 1055 1630 'quod
1081 1550 1207 1602 dicitur
1232 1546 1277 1584 749·
1294 1545 1340 1584 75⁰·

75 1639 171 1692 Sidiu
194 1643 305 1692 trusus
329 1640 386 1691 est.
438 1621 536 1684 Cuius
565 1619 651 1683 filius
681 1620 806 1682 nomine
838 1619 1030 1682 Teoderrcus
1062 1619 1094 1680 in
1124 1617 1207 1680 hoc⁵

76 1707 272 1770 monasterio
296 1727 379 1769 anno
403 1707 549 1789 sequenti
573 1705 708 1768 clericus
731 1704 863 1768 effectus
887 1705 1062 1768 collocatus
1086 1709 1143 1768 est.

164 1791 242 1855 *Hic
266 1812 405 1873 namque
428 1791 622 1855 venerabilis
647 1797 739 1872 pater
764 1799 838 1871 post
869 1792 1010 1871 suscepti
1042 1789 1207 1871 regiminis
1222 1801 1313 1851 *rr-29⁰-

76 1900 196 1941 annum
227 1883 365 1951 sextum,
396 1898 550 1940 accensus
580 1878 651 1958 igne
682 1876 780 1939 divini
810 1876 942 1953 amoris,
976 1875 1123 1957 partibus
1146 1875 1209 1937 Ro-

76 1965 202 2027 muleae
226 1962 315 2026 urbis
337 1962 379 2026 ad
401 1963 513 2025 limina
535 1963 703 2026 beatorum
722 1961 940 2043 apostolorum
960 1961 1047 2024 Petri
1067 1967 1098 2024 et
1116 1959 1209 2023 Pauli

77 2051 140 2112 iter
170 2049 339 2132 disposuit.
394 2048 649 2130 Convocatisque
678 2047 847 2123 fratribus,
883 2046 1082 2110 devotionem
1112 2067 1209 2128 quam

79 2136 187 2198 animo
218 2140 408 2216 conceperat
435 2134 558 2217 liquido
585 2134 711 2216 promit.
757 2133 846 2196 Tunc
874 2144 983 2196 omnes
1006 2133 1101 2195 unius
1124 2132 1209 2194 vocis

78 2221 219 2284 clamore
242 2220 321 2283 haec
345 2221 577 2297 contradicunt,
601 2220 742 2282 dicentes
765 2241 798 2282 se
826 2239 990 2298 nunquam
1010 2239 1081 2280 eum
1101 2216 1209 2280 deser-

79 2312 178 2372 turos.
222 2306 265 2368 Et
287 2312 400 2368 contra
422 2306 476 2368 ille
500 2326 599 2368 causa
621 2326 698 2368 suae
721 2304 835 2367 salutis
859 2310 891 2366 et
912 2304 1050 2380 illorum,
1075 2322 1210 2383 corpore

80 2392 168 2454 humi
198 2396 395 2473 prostratae,
427 2390 646 2473 profecturum
677 2412 711 2454 se
739 2390 819 2453 velle
846 2388 1075 2469 proclamabat.
1126 2385 1210 2463 Quid

79 2477 204 2540 multa?
228 2477 347 2540 Videns
371 2477 519 2540 universa
543 2482 671 2539 caterva
694 2475 840 2547 fratrum,
864 2473 1023 2538 flebilibus
1047 2475 1116 2537 eius
1139 2494 1210 2556 pre-

81 2563 170 2626 cibus
194 2584 227 2626 se
250 2563 377 2626 obviare
400 2582 462 2625 non
486 2582 592 2644 posse,
616 2562 771 2625 conticuit
791 2562 900 2644 piique
920 2561 1024 2643 patris
1049 2559 1211 2642 petitioni-

81 2649 140 2712 bus
164 2649 271 2713 cessit.
309 2648 441 2710 Demum
461 2647 683 2710 benedictione
700 2655 862 2730 percepta,
887 2645 1033 2710 omnibus
1053 2644 1211 2709 fratribus

79 2735 169 2816 pacis
193 2734 337 2797 osculum
362 2733 463 2808 dedit,
492 2735 600 2816 sicque
624 2754 716 2795 suum
739 2734 801 2795 iter
823 2732 949 2808 direxit,
978 2730 1210 2795 deducentibus

81 2842 151 2882 eum
176 2819 322 2902 plurimis
344 2818 549 2882 lacrimarum
573 2817 674 2882 imbre
697 2818 845 2900 perfusis.
889 2818 1080 2881 Perveniens
1103 2824 1211 2880 autem

80 2905 246 2968 Romanae
269 2905 359 2968 urbis
382 2904 423 2967 ad
446 2926 536 2967 arces
562 2912 704 2986 tempore
728 2903 882 2985 Stephani
908 2912 1024 2986 papae,
1052 2908 1125 2965 vota
1153 2923 1212 2965 sua

81 2991 294 3074 omnipotenti
318 2991 384 3053 Deo
415 3012 453 3054 ac
480 2990 584 3054 beatis
608 2992 677 3053 eius
700 2990 858 3070 apostolis
881 2988 1033 3066 reddidit,
1062 3010 1100 3052 ac
1123 2988 1211 3051 sica

79 3076 246 3139 moenibus
269 3075 412 3139 eiusdem
440 3075 530 3138 urbis
556 3077 619 3139 iter
649 3085 850 3152 corruentem,
875 3075 1013 3157 patriam
1041 3075 1211 3156 locumque

80 3184 158 3226 suae
188 3162 370 3225 nativitatis
400 3168 545 3242 repetere
575 3161 752 3242 satagebat.
808 3161 999 3224 Perveniens
1030 3167 1137 3223 autem
1170 3158 1212 3221 ad

80 3248 311 3311 monasterium
335 3246 448 3311 Sancti
479 3247 625 3310 Mauritii
657 3247 800 3309 martiris
833 3252 865 3308 et
896 3246 1051 3309 sotiorum
1081 3245 1149 3307 eius
1179 3245 1212 3307 in

81 3331 282 3416 Agaunumf‘,
303 3332 419 3396 ibidem
436 3354 456 3396 a
474 3332 573 3411 febre,
594 3353 689 3414 quam
709 3332 766 3395 diu
784 3338 996 3413 protraxerat,
1015 3332 1211 3412 ingravatus,

82 3419 255 3483 consortiis
291 3418 440 3481 humanis
481 3417 673 3492 subtractus,
711 3417 791 3481 obiit
826 3417 858 3479 in
896 3416 1025 3480 Christo
1058 3417 1107 3482 18.
1138 3416 1211 3478 Kal.

81 3504 283 3581 Octobrium,
321 3504 428 3586 ibique
460 3504 556 3584 digno
587 3505 621 3566 in
651 3503 722 3567 loco
757 3501 992 3565 honorabiliter
1027 3501 1212 3583 sepulturae

81 3589 222 3653 traditus
247 3595 304 3653 est.
350 3589 438 3652 Haec
465 3589 504 3652 de
527 3609 563 3652 eo
588 3610 721 3651 narrare
748 3594 818 3650 erat
844 3587 957 3650 solitus
980 3587 1083 3649 bonae
1106 3605 1211 3648 recor-

81 3675 224 3739 datiouis
254 3674 456 3751 Harduinus,
490 3674 588 3738 cellae
620 3675 723 3737 sancti
755 3673 920 3736 Saturnini
951 3672 1094 3734 martiris
1125 3691 1212 3752 pres-

81 3829 101 3879 a)
115 3832 227 3867 aeternam
238 3831 286 3876 post
299 3840 350 3867 corr,
364 3831 476 3867 aeternum
490 3841 508 3866 e.

82 3956 108 4017 1)
137 3957 232 4010 Utrnnr
255 3956 298 4009 bie
319 3958 407 4009 verbis
429 3957 585 4009 immanitas
608 3956 669 4009 enin
691 3957 805 4021 speciali
822 3956 976 4020 defensione
999 3972 1036 4009 an
1054 3955 1212 4007 intruendas

82 4026 197 4090 simplex
222 4026 405 4089 intelleoatnr,
431 4026 524 4089 fanins
549 4025 657 4076 disserit
681 4023 781 4087 Sictcl,
809 4024 881 4076 Acta
909 4025 1005 4077 Karot.
1031 4024 1080 4089 11,
1104 4039 1132 4089 p.
1152 4023 1211 4076 367.

82 4096 109 4155 2)
128 4093 239 4147 Rectius
258 4111 282 4145 a.
298 4094 355 4144 751.
383 4095 423 4145 nel
447 4094 510 4153 75·2;
539 4093 573 4156 cf.
598 4091 719 4153 Oelsner,
747 4093 869 4158 ‘Prppn'n’
895 4108 923 4158 p.
937 4093 986 4155 ai,-
1014 4091 1112 4156 Sn'clrei,
1140 4091 1212 4144 Acta

84 4163 180 4214 Karot.
193 4163 237 4224 11,
252 4178 280 4227 p.
296 4162 360 4226 36&
386 4161 567 4213 Mdblbuaher
588 4176 630 4212 nr.
644 4161 685 4213 67.
737 4160 764 4223 3)
790 4160 919 4212 Verberie.
989 4161 1016 4222 4)
1035 4159 1120 4225 Nota,
1139 4174 1212 4213 anno

83 4230 187 4282 demam
202 4230 262 4294 751,
277 4229 344 4282 Non.
363 4229 510 4296 Pippn'nanr
525 4229 699 4281 constitutam
711 4243 797 4293 repam
808 4229 980 4282 Francorum
995 4243 1059 4281 esse.
1122 4228 1148 4292 5)
1162 4227 1178 4279 i.
1190 4243 1211 4280 e.

82 4299 294 4351 Fontaneltenei.
363 4298 390 4362 6)
408 4297 447 4351 St.
467 4297 595 4350 Maurice
611 4297 641 4347 in
664 4296 836 4348 Vallicrbrnm
850 4310 933 4361 pano.
