2850 4906
11 2072 69 2110 Anu.
80 2071 156 2108 Penv.

63 2123 108 2162 787.

37 2216 89 2254 ibid.
105 2217 151 2255 788.

161 292 195 344 46
386 285 500 341 GESTA
519 284 696 339 ABBATUM
714 283 1075 343 FONTANELLENSIUM.

163 442 228 504 iam
256 441 351 504 tertio
385 445 554 521 postquam
583 437 741 501 Bertrada
770 443 916 500 matrona
944 437 1097 504 obierat¹.
1144 437 1283 520 Sepeiato

163 547 302 608 namque
326 525 456 588 Widoni
482 525 565 588 laico
592 531 663 587 erat
689 543 795 606 nepos,
824 523 856 585 id
883 528 932 586 est
958 524 1077 587 sororis
1100 544 1180 588 suae
1202 523 1285 599 filius,

163 613 290 675 nomine
321 610 516 688 Witboldus‚
547 609 770 691 gloriosissimi
797 609 881 690 regis
910 608 1018 672 Karoli
1045 614 1115 673 tum
1142 610 1285 692 temporis

164 697 361 780 capellanus,
395 696 447 759 cui
479 695 661 778 praelatum
694 695 922 758 monasterium
954 700 1027 776 post
1060 695 1213 759 avunculi
1244 695 1286 758 sui

163 804 323 847 recessum
354 781 394 845 ad
425 781 599 863 regendum
628 781 822 863 promissum
852 778 971 857 fueram
1005 781 1060 844 sed
1091 780 1168 844 dum
1199 781 1226 845 is
1253 779 1288 844 ad

163 867 434 933 Constantinum2
454 868 682 949 imperatorem
700 866 876 929 Grecorum
899 887 937 929 ac
954 865 1117 948 Hyrenem
1138 887 1160 929 a
1182 866 1288 930 domno

163 975 237 1036 rege
280 953 400 1016 llarolo
443 973 513 1016 cum
555 952 619 1015 alio
659 952 814 1034 legatario
854 952 982 1014 nomine
1015 951 1160 1015 Iohanne
1201 972 1290 1016 causa

166 1040 336 1122 legationis
366 1038 508 1102 directus
538 1037 651 1102 fuisset
683 1059 722 1101 ac
751 1058 808 1119 per
837 1057 957 1100 annum
990 1042 1023 1100 et
1052 1058 1109 1100 sex
1138 1041 1289 1101 mensium

164 1125 275 1208 spacia
297 1125 331 1188 in
355 1123 518 1188 redeundo
542 1143 664 1186 moram
687 1122 819 1200 faceret,
842 1122 1010 1205 praedicto
1029 1122 1190 1186 Gervoldo
1209 1143 1291 1204 sepe-

164 1212 265 1275 fatum
289 1209 478 1275 coenobium
502 1209 654 1273 collatum
678 1216 735 1274 est.
780 1207 887 1272 Causa
910 1214 1016 1272 autem
1037 1208 1210 1290 legationis
1229 1213 1292 1272 erat

164 1318 260 1379 super
283 1295 461 1371 Ruatrude‚
489 1293 556 1358 filia
583 1293 693 1376 Magni
718 1293 842 1369 Karoli,
870 1315 968 1376 quam
994 1293 1096 1358 isdem
1122 1295 1293 1377 imperator

165 1382 395 1446 Constantinus
418 1381 459 1444 ad
482 1380 665 1462 coniugium
689 1377 853 1460 petebat33
887 1379 943 1443 sed
970 1380 1026 1443 illo
1048 1379 1110 1442 hac
1137 1379 1294 1462 legatione

164 1489 222 1550 pro
260 1488 325 1549 qua
361 1467 503 1529 directus
539 1465 645 1529 iuerat
681 1465 902 1528 strenuissime
937 1465 1049 1528 functo
1086 1485 1124 1528 ac
1159 1485 1293 1543 reverso,

166 1554 393 1616 monasterium
409 1551 519 1615 Sancti
535 1550 645 1633 Sergii,
666 1551 752 1633 quod
774 1551 808 1612 in
831 1551 994 1614 territorio
1016 1551 1186 1632 Andegave
1210 1551 1294 1614 urbis

165 1640 262 1702 situm
297 1644 358 1717 est,
393 1659 413 1701 a
447 1638 563 1700 domno
598 1658 636 1700 ac
670 1637 879 1700 invictissimo
910 1657 985 1718 rege
1017 1635 1121 1699 eidem
1153 1637 1295 1700 noscitur

166 1722 379 1801 adtributum3
407 1723 492 1805 quod
518 1728 630 1805 postea
656 1744 714 1803 per
739 1723 896 1804 plurimos
919 1721 1057 1786 feliciter
1080 1723 1165 1785 rexit
1187 1742 1294 1786 anuos.

166 1809 341 1874 Gcrvoldus
364 1828 448 1885 vero,
471 1815 508 1871 ut
531 1809 670 1891 praefati
693 1829 813 1885 sumus,
841 1808 937 1870 huius
959 1807 1208 1872 Fontinellensis
1231 1828 1295 1870 coe·

166 1895 254 1958 nobii
283 1895 491 1959 constituitur
517 1899 623 1957 rector
649 1915 733 1956 anno
762 1892 939 1956 dominicae
967 1894 1204 1957 incarnationis
1227 1895 1295 1971 787,

165 1983 221 2064 qui
245 1987 315 2044 erat
338 2001 441 2044 annus
463 1980 634 2061 vigesimus
657 1980 779 2062 primus
802 1978 915 2041 Karoli
937 1978 1054 2060 regist

252 2067 350 2121 Eodem
370 2084 438 2120 anno
457 2066 648 2119 invictissimus
666 2083 711 2119 rex
729 2065 851 2127 Karolus,
870 2069 1000 2118 conventu
1019 2065 1154 2120 celebrato
1171 2065 1201 2118 in
1215 2065 1296 2133 Ingil-

165 2135 269 2198 haim⁵‚
297 2136 452 2203 partibus
477 2135 652 2188 Baioariae
676 2150 852 2201 properare
878 2150 945 2186 cum
969 2134 1125 2187 immenso
1151 2135 1297 2188 exercitu

167 2205 323 2271 disponit.
365 2204 478 2272 Ipsoque
503 2207 622 2269 tempore
647 2204 703 2256 sine
727 2202 799 2256 bello
824 2218 855 2255 ac
879 2203 936 2254 ulla
958 2203 1088 2256 exercitus
1110 2203 1152 2256 sui
1174 2203 1297 2256 molestia

166 2272 281 2326 tradidit
297 2272 375 2326 fortis
394 2273 541 2338 praeliator
554 2272 624 2324 Deus
639 2287 751 2340 regnum
766 2271 905 2324 Baioariae
923 2271 952 2324 in
970 2288 1063 2324 manus
1082 2271 1298 2325 excellentissimi

166 2342 238 2409 regis
251 2341 400 2461 Karolibet
414 2340 516 2394 Tassilo
535 2340 586 2392 dux
600 2341 690 2408 gentis
704 2339 821 2393 eiusdem
836 2342 926 2392 tonsus
941 2343 982 2393 est
995 2343 1076 2408 atque
1090 2340 1118 2392 in
1133 2339 1297 2394 Gemmctico

166 2413 255 2463 trusus
274 2426 352 2463 coeno
372 2410 406 2463 io.

252 2477 313 2540 Hic
349 2497 463 2557 nempe
497 2475 673 2540 Gervoldus
710 2496 807 2557 super
835 2475 925 2557 regni
952 2476 1081 2556 negotia
1108 2481 1298 2556 procurator

167 2563 374 2626 constituitur
391 2583 449 2644 per
467 2562 583 2626 multos
602 2582 713 2639 annos
731 2583 790 2643 per
805 2560 948 2624 diversos
967 2567 1080 2642 portus
1096 2582 1134 2624 ao
1154 2562 1298 2626 civitates

167 2650 297 2728 exigens
328 2648 452 2712 tributa
482 2653 581 2730 atque
612 2647 794 2728 vectigalia,
826 2647 966 2710 maxime
996 2647 1029 2709 in
1060 2645 1298 2722 Quantawicht

168 2733 259 2798 Unde
287 2731 378 2797 Offae
410 2734 477 2816 regi
500 2733 676 2815 Anglorum
705 2733 770 2796 sive
800 2732 991 2796 Merciorum
1015 2733 1241 2812 potentissimo
1267 2733 1298 2794 iu

167 2819 319 2882 amicitiis
333 2819 423 2883 valde
436 2819 641 2900 cognoscitur
653 2818 833 2881 adiunctus.
868 2815 1010 2881 Extant⁷
1024 2816 1130 2881 adhuc
1143 2818 1297 2901 epistolae

168 2904 209 2967 ab
229 2925 265 2967 eo
284 2904 327 2968 ad
345 2905 444 2981 illum,
465 2904 497 2967 id
518 2911 566 2967 est
582 2903 785 2980 Gervoldum,
805 2903 956 2980 directae,
978 2903 1093 2985 quibus
1109 2924 1143 2966 se
1160 2905 1298 2967 amicum

165 3011 205 3053 ac
223 2989 416 3054 familiarem
435 2990 521 3053 illius
540 2991 743 3053 carissimum
761 2988 829 3052 fore
848 2990 1044 3071 pronuntiat.
1090 2988 1173 3052 Nam
1191 2989 1299 3052 multis

168 3074 290 3138 vicibus
326 3077 395 3156 ipse
429 3097 486 3157 per
519 3096 553 3139 se
585 3076 728 3138 iussione
763 3074 964 3137 invictissimi
999 3075 1082 3157 regis
1118 3073 1228 3138 Caroli
1260 3072 1299 3138 ad

167 3161 347 3243 praefatum
372 3182 479 3243 regem
498 3160 603 3225 Offam
626 3159 841 3242 legationibus
863 3160 992 3223 functus
1016 3166 1072 3224 est.
1118 3158 1298 3224 Novissime

168 3267 243 3309 vero
270 3253 400 3330 propter
426 3245 526 3310 filiam
553 3246 696 3310 eiusdem
723 3246 823 3326 regis,
852 3266 947 3327 quam
975 3245 1008 3308 in
1036 3245 1221 3327 coniugium
1247 3267 1298 3310 ex-

167 3332 356 3414 postulabat
385 3333 520 3397 Carolus
552 3333 672 3414 iunior3
705 3331 761 3394 sed
793 3330 849 3394 illo
881 3330 940 3393 hoc
972 3350 1036 3393 non
1065 3332 1298 3414 acquiescente,

169 3419 230 3480 nisi
259 3418 369 3495 Berta,
397 3417 465 3482 filia
487 3417 597 3499 Magni
619 3417 746 3494 Karoli,
775 3417 843 3479 eius
870 3415 936 3480 filio
964 3417 1078 3497 nuptui
1106 3416 1298 3492 traderetur,

168 3503 404 3585 aliquantulum
419 3505 661 3585 potentissimus
676 3524 732 3564 rex
747 3499 953 3579 commotusss,
969 3503 1140 3584 praecepit,
1156 3509 1193 3565 ut
1207 3522 1298 3566 nemo

169 3588 208 3652 de
239 3589 401 3653 Brittania
429 3590 538 3653 insula
569 3610 607 3652 ac
638 3595 732 3670 gente
764 3587 939 3669 Anglorum
971 3587 1171 3650 mercimonii
1202 3607 1300 3652 causa

169 3763 194 3826 l)
221 3760 294 3814 Obiit
311 3761 335 3814 4.
356 3761 425 3815 Idns
445 3763 498 3814 Inl.
517 3779 542 3814 n.
561 3762 620 3814 783.
711 3759 737 3824 2)
768 3760 817 3825 VI,
842 3760 1112 3827 Porphyropenitnm.
1204 3757 1232 3823 3)
1257 3759 1299 3812 De

168 3830 221 3883 hac
239 3831 369 3897 legatione
391 3830 427 3893 ef.
446 3829 522 3892 Abel,
546 3827 629 3882 ‘Karl
647 3830 672 3882 d.
688 3829 745 3881 Gr!
764 3829 790 3893 I,
808 3844 835 3894 p.
854 3828 906 3881 470
918 3844 956 3896 sq.
1026 3827 1053 3892 4)
1081 3827 1177 3881 Utrnn
1196 3845 1221 3881 a.
1242 3829 1300 3882 787.

169 3916 206 3951 an
231 3896 290 3952 788.
322 3897 474 3952 Gervoldns
502 3898 661 3951 nronnsterii
692 3897 810 3964 regimen
836 3898 995 3964 susceperit,
1024 3896 1176 3948 diiudicari
1200 3897 1300 3964 nequit,

169 3983 304 4019 annornm
317 3965 501 4019 notationibus
514 3967 584 4018 inter
597 3982 625 4018 se
636 3965 832 4033 pugnantibus.
862 3965 928 4017 Vide
938 3965 1007 4017 Abel
1024 3965 1041 4016 l.
1056 3966 1071 4018 l.
1086 3965 1110 4026 Ι,
1122 3980 1152 4030 p.
1161 3964 1222 4029 472,
1237 3982 1264 4017 n.
1274 3966 1301 4017 2.

168 4035 195 4099 5)
223 4033 374 4087 Conventus
402 4052 428 4087 a.
450 4035 508 4088 787.
540 4035 717 4098 Worntntine,
744 4033 964 4098 ingelheimensis
989 4051 1014 4086 n.
1035 4034 1094 4087 788.
1118 4032 1229 4086 habitus
1254 4038 1300 4086 est.

169 4105 195 4165 6)
219 4103 432 4169 Wicqninphem,
450 4104 527 4167 infra
547 4102 808 4155 Sa-Josse-sur-nn
826 4101 864 4153 ad
881 4102 979 4155 octium
998 4102 1120 4165 tintinnis
1138 4102 1166 4154 ln
1185 4100 1300 4154 Conone.

169 4171 195 4233 7)
212 4172 266 4223 Hic
278 4177 368 4223 noster
377 4171 553 4224 Einhardnm
567 4173 596 4223 in
610 4171 672 4224 Vita
686 4170 789 4223 Karoli
802 4185 861 4236 rap.
873 4169 913 4223 18.
927 4171 1050 4223 inritatus
1064 4174 1110 4222 eat.
1176 4168 1205 4232 8)
1218 4169 1300 4223 Alios

170 4239 467 4372 gissengmisssgcnnsas
490 4258 507 4293 n
529 4241 595 4293 uiris
618 4239 705 4292 doctis
728 4238 865 4292 indicatas
882 4239 1011 4305 reprobat
1028 4238 1147 4303 Simson,
1173 4239 1258 4292 ‘Knrl
1274 4237 1300 4291 d.

213 4349 219 4361 .
283 4347 290 4372 ,
329 4349 334 4360 .
368 4346 373 4358 .
