2850 4906
167 266 201 319 38
390 260 503 314 GESTA
524 259 699 314 ABBATUM
718 258 1081 312 FONTANELLENSIUM.

257 419 349 476 Anno
381 413 479 494 igitur
508 411 687 476 Hildeberti
714 413 798 493 regis
826 411 964 476 secundo
993 411 1034 474 ad
1061 412 1301 476 conversionem

169 501 297 563 veniens
321 498 379 562 sub
401 497 562 561 Hiltberto
586 497 701 561 abbate
711 497 732 576 ¹,
757 518 794 560 ex
817 499 948 579 propria
967 496 1148 560 hereditate
1167 496 1304 560 contulit

170 587 240 649 iure
262 584 447 667 possidendi
474 583 549 647 huic
579 583 730 647 coenobio
760 585 791 646 in
819 604 900 665 pago
928 583 1063 645 Vimnau
1088 603 1185 665 super
1208 580 1303 644 fluvio

170 671 310 748 Vimine,
334 672 367 733 in
391 669 459 733 loco
483 671 538 751 qui
561 677 693 732 vocatur
713 668 1000 745 Quattuor-molas,
1024 669 1154 732 tertiam
1177 675 1302 748 partem

171 757 211 820 de
243 757 342 836 Eora,
376 754 416 818 de
448 755 608 818 Aismedis
640 754 716 818 villa
748 754 877 817 tertiam
908 760 1036 835 partem
1068 752 1233 830 similiter,
1265 752 1304 815 de

173 841 298 906 Buxido
321 840 571 904 nichilhominus
595 842 722 904 tertiam
747 847 885 922 partem,
917 839 956 902 de
978 839 1061 921 Pyro
1085 839 1246 915 similiter,
1266 837 1304 900 de

172 927 308 991 Balliolo
330 928 363 990 in
386 947 469 1008 pago
493 926 603 989 Tellau
628 927 757 989 tertiam
781 924 930 988 simiIIter
953 932 1092 1005 partem,
1120 944 1247 987 necnon
1275 930 1305 986 et

172 1013 211 1076 de
234 1012 298 1076 illis
321 1013 420 1075 vineis
443 1032 526 1093 quae
550 1012 679 1075 suntin
700 1032 782 1094 pago
801 1010 912 1073 Tcllau
932 1032 1028 1093 super
1046 1008 1142 1073 fluvio
1157 1009 1304 1073 Visrona.

172 1099 256 1162 Huic
279 1096 453 1161 venerabili
481 1097 567 1177 patri
595 1096 685 1160 dedit
708 1095 922 1178 Ragenfridus
952 1096 1077 1158 intarta
1106 1093 1221 1158 fiscum
1251 1095 1306 1176 qui

171 1189 305 1248 vocatur
338 1182 504 1245 Wintlana
538 1203 622 1246 anno
655 1181 794 1246 secundo
824 1181 981 1263 Hilperici
1017 1181 1114 1262 regis,
1147 1181 1204 1262 qui
1236 1186 1307 1243 erat

173 1269 353 1332 dominicae
382 1269 614 1331 iucarnationis
644 1271 716 1347 717,
748 1267 919 1330 indictione
944 1269 993 1344 15,
1024 1265 1082 1330 sub
1112 1265 1164 1330 die
1192 1265 1305 1348 quinto

173 1353 392 1418 Kalendarum
416 1354 616 1432 Octobrium,
645 1353 727 1417 feria
754 1354 859 1417 tertia.
905 1352 1067 1415 Plurimae
1091 1372 1233 1436 namque
1255 1373 1305 1414 res

173 1440 349 1503 aecclesiae
390 1448 520 1503 nostrae
557 1439 590 1502 in
626 1439 721 1503 huius
758 1438 1048 1501 amministratione
1083 1437 1305 1501 adcreverunt.

173 1526 305 1588 Dimisit
327 1529 434 1587 autem
458 1525 490 1586 in
514 1525 671 1587 aecclesia
689 1524 775 1589 beati
794 1524 881 1586 Petri
900 1523 1100 1587 offertorium
1118 1528 1304 1604 argenteum

174 1632 247 1674 cum
276 1616 395 1692 patena
426 1614 459 1671 et
488 1610 553 1672 alia
587 1620 775 1673 ornamenta
810 1608 949 1686 diversa,
982 1630 1112 1690 capsam
1144 1630 1225 1672 auro
1252 1607 1305 1670 de-

177 1702 319 1759 coratam
343 1715 450 1757 unam.

262 1779 413 1844 Codicum
437 1780 533 1842 etiam
557 1781 679 1862 copiam
704 1801 768 1842 nou
791 1781 970 1856 minimam,
999 1785 1079 1862 quot
1102 1778 1307 1842 dinumerare

176 1867 264 1929 oneri
288 1886 356 1929 esse
379 1864 515 1931 videtur.
553 1864 615 1928 Sed
638 1865 763 1947 aliquos
786 1864 825 1929 ob
849 1865 1035 1929 memoriam
1061 1864 1146 1927 illius
1166 1865 1307 1927 inserere

175 1952 310 2034 placuit,
334 1951 367 2013 id
391 1957 439 2013 est
461 1950 603 2013 codicem
627 1972 724 2013 unum
749 1951 894 2014 Romana
916 1948 1047 2014 littera2
1074 1951 1245 2032 scriptum,
1275 1951 1308 2013 in

176 2056 240 2118 quo
264 2037 445 2099 continetur
468 2037 624 2118 expositio
647 2035 752 2098 brevis
775 2037 874 2099 trium
898 2036 1179 2118 euangelistarum,
1203 2035 1238 2098 id
1261 2042 1309 2098 est

176 2122 342 2197 Iohannis,
375 2121 499 2184 Mathei
533 2128 565 2184 et
598 2122 712 2187 Lucae.
758 2121 890 2186 Arnobii
922 2121 1064 2204 episcopi
1095 2130 1127 2184 et
1158 2121 1307 2185 rethoris,

177 2207 289 2271 Sermo
321 2207 360 2270 de
394 2206 495 2269 Adam
528 2207 583 2289 qui
614 2208 764 2287 perierat.
818 2207 925 2270 Rufini
954 2229 993 2270 ex
1020 2207 1158 2270 historia
1188 2207 1308 2270 aeccle-

177 2293 310 2356 siastica
332 2292 371 2354 de
395 2291 575 2374 Spiridione
598 2293 759 2374 episcopm
789 2292 930 2356 eiusdem
959 2292 997 2355 de
1021 2292 1154 2355 muliere
1182 2293 1309 2375 captiva

177 2401 216 2442 ex
243 2377 353 2440 eadem
381 2377 534 2440 chronica
562 2375 602 2439 ab
630 2377 743 2440 eodem
772 2378 979 2455 translatum,
1008 2399 1090 2461 quae
1116 2377 1308 2441 Hiberorum

176 2470 302 2544 gentem
334 2462 375 2525 ad
406 2462 500 2525 fidem
531 2461 651 2526 Christi
683 2464 848 2527 convertit.
899 2463 995 2527 Fides
1027 2463 1139 2526 Niceni
1171 2464 1307 2527 concilii.

177 2549 367 2610 Exhortatio
390 2548 495 2611 sancti
514 2547 671 2611 Macharii
694 2547 735 2611 ἃᾶ
753 2548 935 2612 monachos.
983 2549 1062 2612 Item
1081 2548 1188 2612 Rufini
1206 2570 1309 2612 sermo

177 2633 216 2696 de
245 2635 365 2696 ieiunio
392 2639 424 2696 et
450 2633 605 2697 oratione.
662 2633 739 2697 Vita
768 2643 799 2697 et
827 2636 935 2717 passio
965 2636 1068 2698 sancti
1097 2634 1214 2698 Felicis
1246 2635 1310 2717 epi·

178 2720 265 2801 scopi
284 2717 428 2781 Nolanae
447 2717 544 2784 urbis,
588 2719 733 2800 Epistola
753 2721 855 2783 sancti
874 2720 988 2783 Leonis
1007 2721 1149 2803 episcopi
1163 2720 1311 2784 Noleusis

177 2804 220 2867 ad
239 2803 426 2866 Marcellum
447 2803 661 2885 presbiterum
681 2805 823 2867 eiusdem
844 2805 1028 2869 aecclesiae.
1072 2806 1197 2888 Regula
1220 2827 1311 2869 sanc·

178 2898 285 2951 torum
313 2894 440 2971 patrum
467 2887 649 2972 Serapionis
678 2895 711 2952 et
741 2890 898 2953 Macharii
927 2897 958 2954 et
988 2891 1121 2954 alterius
1152 2890 1310 2954 Macharii

179 2980 211 3036 et
225 2973 378 3036 Pafnutii.
415 2975 539 3055 Regula
557 2976 659 3038 sancti
675 2975 844 3056 Augustini
859 2977 1009 3058 episcopi.
1045 2977 1193 3058 Epistola
1208 2977 1311 3040 sancti

179 3060 350 3139 Augustini
373 3059 414 3122 ad
432 3059 569 3122 Felicem
594 3068 626 3123 et
643 3060 814 3123 Hilarium.
847 3062 994 3144 Epistola
1012 3063 1115 3124 sancti
1133 3061 1311 3124 Hieronimi

179 3144 218 3207 de
248 3145 407 3209 castitate.
466 3145 547 3208 Item
577 3145 716 3228 epistola
745 3147 849 3209 sancti
877 3148 1056 3210 Hieronimi
1084 3147 1126 3210 ad
1159 3145 1311 3230 Nepotia-

179 3251 263 3295 num.
309 3230 390 3293 Item
417 3231 552 3312 epistola
579 3231 682 3293 sancti
709 3231 889 3295 Hieronimi
915 3232 956 3295 ad
983 3231 1195 3314 Euangelium
1223 3253 1311 3315 pres-

181 3316 320 3378 biterum
343 3315 382 3378 de
407 3315 650 3379 Melchisedech.
699 3316 778 3380 Item
803 3317 946 3381 eiusdem
970 3317 1010 3381 ad
1034 3317 1202 3381 Rusticum
1225 3339 1311 3402 pres-

179 3401 327 3464 biterum.
388 3401 534 3483 Epistola
574 3403 677 3465 sancti
719 3401 892 3466 Clementis
933 3424 1035 3485 papae
1075 3402 1117 3466 ad
1158 3403 1311 3467 Iacobum

180 3486 371 3568 apostolum,
395 3485 528 3550 fratrem
551 3487 688 3550 Domini.
735 3488 816 3551 Item
840 3488 980 3552 codicem
1004 3489 1107 3552 sancti
1130 3489 1311 3570 Augustini,

180 3573 213 3634 in
237 3592 298 3653 quo
322 3573 505 3634 continetur
529 3572 568 3635 de
590 3573 797 3652 poenit-entia.
843 3573 1021 3637 Historiam
1046 3573 1206 3655 Apollonii
1228 3576 1312 3655 regis

180 3658 262 3735 Tiri,
293 3657 434 3720 codicem
459 3667 584 3721 unum⁸.
635 3656 812 3722 Historiam
841 3659 988 3723 Iordanis
1019 3660 1159 3742 episcopi
1189 3660 1312 3722 Raven-

180 3743 266 3805 natis
290 3743 464 3805 aecclesiae
493 3742 531 3804 de
563 3743 684 3824 origine
707 3743 871 3810 Getarum.
908 3745 987 3808 Item
1013 3745 1166 3821 codicem,
1189 3746 1224 3807 in
1247 3765 1311 3828 quo

181 3828 362 3890 continetur
395 3827 506 3908 regula
537 3829 640 3891 sancti
670 3829 834 3892 Benedicti
862 3838 892 3893 et
928 3831 1030 3893 sancti
1060 3829 1253 3893 Columbani
1281 3836 1313 3893 et

180 3976 201 4021 a)
214 3974 268 4010 iuter
282 3973 327 4010 Tiri
343 3975 361 4010 et
376 3973 472 4010 codicem
486 3973 576 4021 lacuum·
590 3985 671 4012 crorum
685 3985 727 4013 ecee
740 3976 823 4013 verbam
837 3975 859 4013 in
872 3976 953 4023 opinor.

182 4065 208 4128 1)
240 4066 345 4119 Ahhutc
374 4067 581 4120 Foatoucllcasi
608 4075 714 4135 quarto.
793 4071 819 4131 2)
844 4071 861 4121 i.
887 4087 911 4137 q.
936 4070 1032 4123 titteris
1057 4070 1227 4134 cruciatuum
1253 4069 1314 4122 cide

187 4135 374 4197 Watteahoch,
401 4133 609 4196 ‘Schriftwesen'
638 4137 677 4189 ed.
696 4139 726 4202 2,
746 4154 775 4203 p.
790 4138 848 4191 370.
867 4138 930 4203 4513
954 4136 1109 4204 ‘Auleituap
1128 4154 1151 4189 a.
1172 4138 1312 4203 Polc'topr!

181 4203 260 4262 ((1.2,
276 4219 304 4268 p.
320 4204 360 4254 14.
396 4202 493 4263 Sickel,
512 4205 583 4257 Aeto
596 4205 622 4265 Ι,
641 4221 666 4269 p.
681 4207 732 4258 290
749 4223 776 4257 a.
792 4209 815 4269 1,
834 4222 895 4257 cero
914 4214 1050 4260 auctorem
1070 4213 1191 4258 uestram
1210 4207 1314 4259 litteras

180 4287 251 4337 qaus
267 4286 395 4323 coeamus
413 4271 546 4334 capitales
564 4273 686 4325 iudicare
701 4280 789 4339 patet.
