2850 4896
241 285 275 336 ‘20
463 280 575 336 GESTA
595 280 770 338 ΑΒΒΑΤΠΜ
787 281 1147 336 FONTANELLENSIUM.

241 520 266 584 U
325 434 417 500 Anno
442 439 469 500 7.
504 435 748 520 Erchenulphus
780 438 928 502 similiter
959 435 998 500 de
1030 437 1106 500 villa
1138 457 1221 519 quae
1245 434 1362 500 dicitur

271 522 417 671 lmodhho
443 611 490 674 12.
515 610 654 691 praefati
673 612 757 693 regis
776 610 914 674 Gressus
936 610 1043 673 villam
1067 610 1099 671 in
1121 629 1205 691 pago
1229 607 1362 672 Tellau¹

241 692 380 757 Ordanis
404 697 548 759 contulit.

239 780 415 928 contidiino
443 785 490 845 ll.
522 780 692 845 Sicboldus
722 782 905 845 Taunacum
935 780 1044 844 villam
1077 781 1111 844 in
1139 800 1222 863 pago
1252 779 1363 843 Tellau

324 950 413 1014 Obiit
439 958 547 1016 autem
573 952 658 1017 idem
686 954 855 1036 episcopus
881 953 1001 1016 Bainus
1029 952 1218 1016 duodecimo
1246 951 1364 1014 Kalen-

239 1036 352 1100 darum
376 1037 458 1101 Iulii.

336 1246 364 1308 3.
403 1243 520 1309 Gesta
548 1244 707 1329 Benigni
737 1245 905 1324 abbatis,
936 1246 1060 1327 patris
1090 1244 1265 1308 coenobii

463 1346 772 1413 Fontanellensis
803 1353 835 1411 et
864 1347 1135 1412 Flaviacensis.

322 1484 484 1566 Benignus
508 1485 607 1565 igitur
629 1485 783 1548 diaconus
807 1493 839 1549 et
860 1484 1046 1562 monachus,
1075 1505 1095 1546 a
1116 1490 1208 1566 patre
1235 1484 1364 1547 nomine

238 1569 387 1634 Maurico
410 1570 536 1634 aeditus
559 1579 724 1653 matreque
748 1571 836 1654 lnga,
865 1571 1101 1635 ordinationem
1129 1571 1266 1633 assumit
1292 1591 1364 1635 coe-

126 1658 326 1721 *naanobii
345 1658 385 1720 ab
405 1677 488 1720 anno
508 1663 598 1722 sexto
617 1657 740 1722 decimo
759 1657 939 1721 Hildeberti
959 1657 1073 1738 *regia
1092 1658 1147 1739 qui
1171 1663 1242 1720 erat
1260 1677 1364 1720 annus

238 1744 352 1807 tertius
373 1742 525 1807 Iohannis
549 1765 653 1826 papae
675 1764 774 1826 supra
796 1744 860 1806 iam
883 1744 996 1824 taxati,
1020 1741 1200 1807 dominicae
1217 1764 1293 1807 vero
1317 1744 1364 1806 in-

238 1829 434 1892 carnationis
466 1831 766 1912 septingentesimus
797 1829 970 1912 septimus,
1007 1829 1181 1891 indictione
1209 1831 1259 1894 5⁸.
1305 1828 1365 1892 Te—

238 1916 308 1978 nuit
337 1915 432 1978 huius
464 1916 650 1980 monasterii
679 1936 789 1978 curam
815 1915 1011 1997 pastoralem
1033 1935 1091 1996 per
1117 1915 1364 1996 quatuordecim

238 2000 398 2064 curricula
427 2021 593 2064 annorum.
654 2002 743 2064 Anno
774 2010 882 2064 autem
916 2000 957 2063 ab
989 2001 1211 2064 incarnatione
1240 1999 1363 2064 domini

237 2088 338 2149 nostri
353 2085 427 2150 Iesu
442 2085 561 2150 Christi
581 2087 862 2170 septingentesimo
881 2085 1004 2149 decimo
1022 2093 1111 2150 sexto
1130 2087 1220 2149 iussu
1233 2086 1364 2168 Ragan-

236 2171 310 2236 fridi
330 2173 462 2235 maioris
482 2173 604 2251 domus,
628 2175 692 2236 sive
715 2174 832 2254 potius,
856 2171 943 2255 quod
961 2173 1067 2235 verius
1090 2179 1147 2251 est,
1167 2174 1298 2251 tiranni,
1323 2172 1363 2237 de

236 2260 387 2339 regimine
425 2260 610 2322 monasterii
641 2259 811 2341 proicitur,
843 2266 875 2321 et
896 2256 1021 2320 Wando
1050 2258 1241 2337 monachus,
1276 2257 1363 2322 filius

237 2344 388 2422 Baldrici,
409 2345 476 2407 eius
494 2345 525 2406 in
540 2345 611 2408 loco
630 2344 825 2426 subrogatur
842 2364 899 2426 per
913 2365 1014 2407 annos
1028 2351 1102 2408 tres.
1130 2362 1229 2416 Eodem
1248 2362 1364 2432 denique

84 2421 226 2512 Alnpfffm·
239 2449 306 2484 anno
331 2432 405 2484 venit
429 2431 566 2484 Ratbodus
596 2431 647 2484 dux
670 2432 812 2484 Frescnum
842 2431 952 2483 navali
977 2431 1089 2484 ordine
1118 2447 1201 2498 usque
1224 2429 1364 2485 Coloniam

173 2502 178 2512 '
235 2500 335 2553 urbem.
372 2498 470 2553 Contra
493 2516 571 2568 quem
594 2500 716 2560 Karalus
742 2500 976 2567 sagacissimus
1001 2499 1169 2563 exarchus,
1195 2499 1298 2552 bellum
1323 2501 1363 2554 in·

135 2568 374 2621 nuisement.
410 2567 537 2636 Sequenti
556 2585 659 2637 quoque
678 2585 752 2631 anno,
772 2569 800 2621 id
818 2571 859 2622 est
877 2568 1024 2621 dominicae
1049 2569 1239 2622 incarnationis
1261 2571 1364 2635 septin-

235 2637 384 2705 gentesimo
405 2636 506 2689 decimo
526 2635 666 2703 septim0²‚
689 2636 834 2690 indictione
853 2636 955 2690 decima
974 2637 1075 2705 quinta,
1100 2640 1188 2690 actum
1203 2639 1244 2690 est
1258 2637 1363 2691 bellum

235 2706 307 2772 plus
331 2721 425 2774 quam
448 2705 548 2758 civile
572 2705 642 2759 inter
660 2706 787 2758 Karolum
806 2705 981 2759 exarchum
1000 2709 1027 2758 et
1040 2705 1234 2773 Rageniridum
1255 2706 1363 2759 intar-

235 2771 318 2828 tam3
335 2777 364 2828 in
383 2775 425 2827 die
440 2774 572 2828 dominica
591 2774 619 2827 iu
633 2775 689 2828 loco
703 2779 871 2842 nuncupante
885 2775 1018 2836 Vintium,
1034 2774 1223 2829 duodecimo
1241 2775 1363 2829 Kalen·

234 2844 344 2903 darum
369 2840 525 2910 Aprilis4‚
556 2843 611 2896 dies
634 2843 784 2913 quindecim
813 2847 875 2896 ante
902 2844 1099 2897 solemnitatem
1123 2844 1209 2896 sancti
1234 2845 1361 2910 paschae;

235 2912 289 2992 qui
320 2917 391 2974 erat
418 2911 565 2992 primus⁵
596 2931 698 2974 annus
720 2910 868 2993 Gregorii
893 2912 1023 2974 secundi
1045 2932 1158 2994 papae,
1186 2914 1243 2993 qui
1259 2933 1362 2976 nona-

234 2998 373 3079 gesimus
403 2997 525 3078 primus
553 3016 573 3059 a
600 2996 696 3061 beato
725 2997 820 3060 Petro
847 2996 1065 3077 apostolatum
1092 2997 1234 3060 eiusdem
1256 3000 1363 3063 tenuit

234 3082 333 3147 urbis.
378 3081 461 3145 Nam
484 3083 517 3145 in
539 3082 686 3165 praefato
709 3083 832 3164 praelio
857 3080 980 3146 Wando
1005 3104 1076 3146 cum
1100 3082 1298 3163 Raganfrido
1329 3090 1363 3148 et

235 3167 397 3249 Hilperico
433 3187 507 3248 rege
542 3168 698 3232 interfuit.
757 3168 917 3250 Benignus
953 3189 1027 3233 vero
1062 3169 1210 3250 partibus
1246 3168 1361 3233 Karoli

234 3253 372 3318 favebat.
422 3253 564 3335 Cumque
592 3261 666 3336 post
696 3259 862 3336 peractam
889 3253 1018 3318 caedem
1042 3253 1258 3335 Raganfridus
1288 3277 1360 3320 cum

235 3338 397 3422 Hilperico
425 3341 534 3421 fugam
557 3341 756 3423 arripuisset,
780 3339 909 3403 tandem
931 3346 1005 3421 post
1027 3341 1236 3422 multiplicem
1263 3340 1361 3424 fugae

234 3425 359 3506 lapsum
402 3425 443 3488 ad
481 3425 696 3491 Noviomum6
730 3426 826 3488 huius
863 3431 994 3488 nostrae
1035 3427 1211 3490 aecclesiae
1249 3428 1360 3491 villam

233 3512 427 3592 perveniens,
452 3510 626 3576 Wandonis
646 3533 772 3594 equum,
792 3532 886 3592 quem
910 3512 955 3575 ibi
978 3513 1010 3574 in
1032 3518 1125 3594 pasto
1149 3514 1361 3578 constitutum

234 3598 362 3679 reperit,
387 3598 545 3680 extemplo
569 3597 743 3679 assumpsit
769 3602 866 3679 atque
895 3618 991 3660 cursu
1018 3597 1131 3679 rapido
1159 3596 1200 3661 ad
1229 3606 1360 3680 portum

235 3733 256 3783 a)
275 3702 294 3772 ll'
308 3747 333 3782 a,
347 3735 400 3774 cedi
413 3735 483 3773 aliena
496 3746 560 3773 manu
573 3736 739 3784 suprascriptum
753 3737 788 3773 eal.

237 3837 261 3902 l)
275 3838 316 3892 Le
328 3839 412 3891 Talea
422 3839 459 3891 aul
472 3839 585 3903 baviam
594 3840 712 3901 lberam,¹
727 3840 786 3891 ciale
799 3840 834 3891 Le
843 3840 957 3893 Precost
970 3842 986 3893 l.
996 3842 1012 3893 l.
1019 3857 1048 3906 p.
1058 3840 1116 3894 236.
1164 3839 1190 3904 2)
1207 3843 1287 3894 Anao
1301 3843 1360 3895 719.

234 3907 283 3959 boc
301 3908 424 3971 evenisse,
440 3914 522 3973 palat
539 3907 663 3973 Brepsl‘y,
687 3905 801 3961 ‘Jahrb'
820 3924 849 3974 p.
863 3910 905 3974 31,
923 3926 949 3961 a.
964 3911 989 3973 8,
1011 3910 1078 3976 qaia
1101 3910 1242 3975 Beulpaas
1265 3912 1359 3975 abbas,

235 3991 307 4027 anno
325 3976 383 4028 723.
401 3982 531 4039 rrzortuas,
549 3991 597 4041 per
614 3982 730 4042 quatuor
749 3992 835 4029 annos
848 3985 912 4044 post
929 3978 1025 4045 sapam
1040 3978 1216 4044 Rapaafredl'
1232 3980 1360 4033 abbatiae

234 4045 350 4110 repe'men
364 4044 481 4099 tenuisse
495 4049 634 4096 narratur.
663 4044 939 4099 Animadvertendum
953 4062 1013 4099 aero
1027 4052 1074 4110 est,
1088 4053 1224 4099 calolorem
1236 4055 1358 4102 nostrum

234 4114 302 4165 male
318 4119 494 4180 computasse,
512 4118 543 4164 al
556 4112 691 4165 videbitur
704 4114 785 4166 etiam
797 4114 874 4178 infra
889 4132 909 4168 c.
921 4116 961 4169 13.
976 4121 1000 4168 et
1015 4115 1053 4167 15.
1114 4114 1141 4178 3)
1160 4115 1178 4165 l.
1189 4131 1209 4167 e.
1227 4118 1357 4172 rebellem.

234 4181 260 4245 4)
279 4182 327 4234 Ex
345 4184 417 4235 Aba.
436 4181 555 4247 clepera
577 4182 611 4245 cf.
625 4180 722 4234 Obrue.
738 4182 879 4236 Materiae.
897 4190 922 4235 et
942 4183 1048 4237 Vadaei.
1068 4190 1093 4236 et
1110 4184 1272 4250 Fredeparia'
1290 4193 1358 4241 caat.

235 4267 255 4302 c.
272 4251 327 4304 106.
404 4251 430 4310 5)
457 4249 545 4302 Haud
568 4256 645 4316 recte,
673 4249 847 4316 pontificatus
865 4253 936 4304 caim
954 4251 1080 4319 Greporl'e'
1096 4269 1122 4304 a.
1141 4253 1199 4305 715.
1224 4269 1259 4305 m.
1278 4257 1357 4309 Malo

234 4319 388 4374 inchoabat.
456 4316 483 4382 6)
502 4317 617 4385 Nopere,
635 4317 693 4385 alep.
713 4317 832 4383 Eureff)
