<?xml version="1.0" encoding="UTF-8"?>
<!DOCTYPE html PUBLIC "-//W3C//DTD XHTML 1.0 Transitional//EN"
    "http://www.w3.org/TR/xhtml1/DTD/xhtml1-transitional.dtd">
<html xmlns="http://www.w3.org/1999/xhtml" xml:lang="en" lang="en">
 <head>
  <title>
</title>
<meta http-equiv="Content-Type" content="text/html;charset=utf-8" />
  <meta name='ocr-system' content='tesseract 3.04.00' />
  <meta name='ocr-capabilities' content='ocr_page ocr_carea ocr_par ocr_line ocrx_word'/>
</head>
<body>
  <div class='ocr_page' id='page_1' title='image "./gestaabbatumfon00wangoog_0040.png"; bbox 0 0 2850 4906; ppageno 0'>
   <div class='ocr_carea' id='block_1_1' title="bbox 323 345 1231 405">
    <p class='ocr_par' dir='ltr' id='par_1_1' title="bbox 323 345 1231 405">
     <span class='ocr_line' id='line_1_1' title="bbox 323 345 1231 405; baseline 0.003 -3"><span class='ocrx_word' id='word_1_1' title='bbox 323 347 437 402; x_wconf 69' lang='lat' dir='ltr'><strong>uasat</strong></span> <span class='ocrx_word' id='word_1_2' title='bbox 456 346 632 401; x_wconf 78' lang='lat' dir='ltr'><strong>ABBATUM</strong></span> <span class='ocrx_word' id='word_1_3' title='bbox 650 345 1013 403; x_wconf 79' lang='lat' dir='ltr'><strong>FONTANELLENSIUM.</strong></span> <span class='ocrx_word' id='word_1_4' title='bbox 1197 352 1231 405; x_wconf 88' lang='grc'><strong>35</strong></span> 
     </span>
    </p>
   </div>
   <div class='ocr_carea' id='block_1_2' title="bbox 97 500 1232 585">
    <p class='ocr_par' dir='ltr' id='par_1_2' title="bbox 97 500 1232 585">
     <span class='ocr_line' id='line_1_2' title="bbox 97 500 1232 585; baseline 0.004 -22"><span class='ocrx_word' id='word_1_5' title='bbox 97 508 171 564; x_wconf 91' lang='lat' dir='ltr'><strong>erat</strong></span> <span class='ocrx_word' id='word_1_6' title='bbox 197 520 300 564; x_wconf 89' lang='lat' dir='ltr'><strong>annus</strong></span> <span class='ocrx_word' id='word_1_7' title='bbox 328 500 520 563; x_wconf 80' lang='lat' dir='ltr'><strong>exarchatus</strong></span> <span class='ocrx_word' id='word_1_8' title='bbox 547 500 655 562; x_wconf 86' lang='lat' dir='ltr'><strong>Caroli</strong></span> <span class='ocrx_word' id='word_1_9' title='bbox 679 503 746 579; x_wconf 76' lang='lat'><strong>27⁸,</strong></span> <span class='ocrx_word' id='word_1_10' title='bbox 778 500 932 565; x_wconf 91' lang='lat' dir='ltr'><strong>Hilderici</strong></span> <span class='ocrx_word' id='word_1_11' title='bbox 963 502 1118 584; x_wconf 88' lang='lat' dir='ltr'><strong>Meroingi</strong></span> <span class='ocrx_word' id='word_1_12' title='bbox 1147 505 1232 585; x_wconf 92' lang='lat' dir='ltr'><strong>regis</strong></span> 
     </span>
    </p>
   </div>
   <div class='ocr_carea' id='block_1_3' title="bbox 98 585 1363 737">
    <p class='ocr_par' dir='ltr' id='par_1_3' title="bbox 98 585 1363 737">
     <span class='ocr_line' id='line_1_3' title="bbox 98 585 820 667; baseline -0.003 -17"><span class='ocrx_word' id='word_1_13' title='bbox 98 607 204 650; x_wconf 89' lang='lat' dir='ltr'><strong>annus</strong></span> <span class='ocrx_word' id='word_1_14' title='bbox 228 588 256 661; x_wconf 83' lang='grc'><strong>2,</strong></span> <span class='ocrx_word' id='word_1_15' title='bbox 280 585 450 667; x_wconf 84' lang='lat' dir='ltr'><strong>Gregoriil</strong></span> <span class='ocrx_word' id='word_1_16' title='bbox 474 585 641 667; x_wconf 88' lang='lat' dir='ltr'><strong>apostolici</strong></span> <span class='ocrx_word' id='word_1_17' title='bbox 665 606 768 648; x_wconf 87' lang='lat' dir='ltr'><strong>annus</strong></span> <span class='ocrx_word' id='word_1_18' title='bbox 790 589 820 651; x_wconf 83' lang='lat'><strong>9.</strong></span> 
     </span>
     <span class='ocr_line' id='line_1_4' title="bbox 186 672 1363 737; baseline 0.003 -12"><span class='ocrx_word' id='word_1_19' title='bbox 186 672 303 726; x_wconf 90' lang='lat' dir='ltr'><strong>Eodem</strong></span> <span class='ocrx_word' id='word_1_20' title='bbox 343 689 425 725; x_wconf 89' lang='lat' dir='ltr'><strong>anuo</strong></span> <span class='ocrx_word' id='word_1_21' title='bbox 461 672 612 732; x_wconf 84' lang='lat' dir='ltr'><strong>Karalus,</strong></span> <span class='ocrx_word' id='word_1_22' title='bbox 656 677 813 727; x_wconf 90' lang='lat' dir='ltr'><strong>commoto</strong></span> <span class='ocrx_word' id='word_1_23' title='bbox 849 673 996 726; x_wconf 85' lang='lat' dir='ltr'><strong>exercitu</strong></span> <span class='ocrx_word' id='word_1_24' title='bbox 1031 675 1229 737; x_wconf 88' lang='lat' dir='ltr'><strong>universali,</strong></span> <span class='ocrx_word' id='word_1_25' title='bbox 1256 675 1363 718; x_wconf 74' lang='lat' dir='ltr'><strong>menn.</strong></span> 
     </span>
    </p>
   </div>
   <div class='ocr_carea' id='block_1_4' title="bbox 98 727 1363 818">
    <p class='ocr_par' dir='ltr' id='par_1_4' title="bbox 98 727 1363 818">
     <span class='ocr_line' id='line_1_5' title="bbox 98 727 1363 818; baseline 0.006 -25"><span class='ocrx_word' id='word_1_26' title='bbox 98 741 255 808; x_wconf 90' lang='lat' dir='ltr'><strong>partibus</strong></span> <span class='ocrx_word' id='word_1_27' title='bbox 281 741 475 793; x_wconf 89' lang='lat' dir='ltr'><strong>Provintiae</strong></span> <span class='ocrx_word' id='word_1_28' title='bbox 498 741 564 793; x_wconf 86' lang='lat' dir='ltr'><strong>iter</strong></span> <span class='ocrx_word' id='word_1_29' title='bbox 586 740 709 808; x_wconf 83' lang='lat' dir='ltr'><strong>dirigit</strong></span> <span class='ocrx_word' id='word_1_30' title='bbox 733 740 991 809; x_wconf 80' lang='lat' dir='ltr'><strong>Aviniouemque</strong></span> <span class='ocrx_word' id='word_1_31' title='bbox 1016 743 1136 796; x_wconf 90' lang='lat' dir='ltr'><strong>iterum</strong></span> <span class='ocrx_word' id='word_1_32' title='bbox 1161 760 1231 797; x_wconf 92' lang='lat' dir='ltr'><strong>coe·</strong></span> <span class='ocrx_word' id='word_1_33' title='bbox 1255 727 1363 818; x_wconf 58' lang='lat' dir='ltr'><strong>gffln</strong></span> 
     </span>
    </p>
   </div>
   <div class='ocr_carea' id='block_1_5' title="bbox 98 808 1386 1205">
    <p class='ocr_par' dir='ltr' id='par_1_5' title="bbox 98 808 1386 1205">
     <span class='ocr_line' id='line_1_6' title="bbox 98 808 1372 878; baseline 0.002 -16"><span class='ocrx_word' id='word_1_34' title='bbox 98 811 164 876; x_wconf 84' lang='lat' dir='ltr'><strong>pit,</strong></span> <span class='ocrx_word' id='word_1_35' title='bbox 191 813 328 878; x_wconf 88' lang='lat' dir='ltr'><strong>totaque</strong></span> <span class='ocrx_word' id='word_1_36' title='bbox 356 809 530 862; x_wconf 89' lang='lat' dir='ltr'><strong>Provintia</strong></span> <span class='ocrx_word' id='word_1_37' title='bbox 557 825 656 877; x_wconf 91' lang='lat' dir='ltr'><strong>usque</strong></span> <span class='ocrx_word' id='word_1_38' title='bbox 682 808 720 861; x_wconf 89' lang='lat' dir='ltr'><strong>ad</strong></span> <span class='ocrx_word' id='word_1_39' title='bbox 747 810 829 863; x_wconf 90' lang='lat' dir='ltr'><strong>litus</strong></span> <span class='ocrx_word' id='word_1_40' title='bbox 852 811 950 863; x_wconf 89' lang='lat' dir='ltr'><strong>maris</strong></span> <span class='ocrx_word' id='word_1_41' title='bbox 974 817 1165 878; x_wconf 88' lang='lat' dir='ltr'><strong>peragrata,</strong></span> <span class='ocrx_word' id='word_1_42' title='bbox 1193 812 1231 865; x_wconf 90' lang='lat' dir='ltr'><strong>ad</strong></span> <span class='ocrx_word' id='word_1_43' title='bbox 1250 832 1372 871; x_wconf 55' lang='lat' dir='ltr'><strong>Mantuae.</strong></span> 
     </span>
     <span class='ocr_line' id='line_1_7' title="bbox 99 877 1351 997; baseline 0.002 -67"><span class='ocrx_word' id='word_1_44' title='bbox 99 878 285 931; x_wconf 77' lang='lat' dir='ltr'><strong>Massiliam</strong></span> <span class='ocrx_word' id='word_1_45' title='bbox 310 879 474 944; x_wconf 89' lang='lat' dir='ltr'><strong>pervenit;</strong></span> <span class='ocrx_word' id='word_1_46' title='bbox 498 877 680 997; x_wconf 64' lang='lat' dir='ltr'><strong>fugatoque</strong></span> <span class='ocrx_word' id='word_1_47' title='bbox 706 877 784 931; x_wconf 89' lang='lat' dir='ltr'><strong>duce</strong></span> <span class='ocrx_word' id='word_1_48' title='bbox 807 877 967 941; x_wconf 82' lang='lat' dir='ltr'><strong>Moronto,</strong></span> <span class='ocrx_word' id='word_1_49' title='bbox 992 879 1047 946; x_wconf 90' lang='lat' dir='ltr'><strong>qui</strong></span> <span class='ocrx_word' id='word_1_50' title='bbox 1072 879 1231 947; x_wconf 90' lang='lat' dir='ltr'><strong>quondam</strong></span> <span class='ocrx_word' id='word_1_51' title='bbox 1269 882 1351 922; x_wconf 57' lang='grc' dir='ltr'><strong>Οὔτοι]-</strong></span> 
     </span>
     <span class='ocr_line' id='line_1_8' title="bbox 99 933 1376 1025; baseline 0.002 -26"><span class='ocrx_word' id='word_1_52' title='bbox 99 947 297 1000; x_wconf 79' lang='lat' dir='ltr'>Sarracenos</span> <span class='ocrx_word' id='word_1_53' title='bbox 311 947 345 998; x_wconf 91' lang='lat' dir='ltr'><strong>in</strong></span> <span class='ocrx_word' id='word_1_54' title='bbox 358 962 433 998; x_wconf 90' lang='lat' dir='ltr'><strong>suae</strong></span> <span class='ocrx_word' id='word_1_55' title='bbox 447 945 532 1011; x_wconf 83' lang='lat' dir='ltr'><strong>perii</strong></span> <span class='ocrx_word' id='word_1_56' title='bbox 560 947 610 998; x_wconf 88' lang='lat' dir='ltr'><strong>iae</strong></span> <span class='ocrx_word' id='word_1_57' title='bbox 624 946 826 1012; x_wconf 83' lang='lat' dir='ltr'><strong>praesidium</strong></span> <span class='ocrx_word' id='word_1_58' title='bbox 843 946 1040 1009; x_wconf 80' lang='lat' dir='ltr'><strong>adsciverat,</strong></span> <span class='ocrx_word' id='word_1_59' title='bbox 1060 948 1152 1000; x_wconf 90' lang='lat' dir='ltr'><strong>nullo</strong></span> <span class='ocrx_word' id='word_1_60' title='bbox 1167 949 1230 1001; x_wconf 88' lang='lat' dir='ltr'><strong>iam</strong></span> <span class='ocrx_word' id='word_1_61' title='bbox 1246 933 1376 1025; x_wconf 47' lang='lat' dir='ltr'><strong>cfflssdffiss&#39;sse,</strong></span> 
     </span>
     <span class='ocr_line' id='line_1_9' title="bbox 99 1013 1386 1083; baseline 0.002 -15"><span class='ocrx_word' id='word_1_62' title='bbox 99 1015 222 1068; x_wconf 87' lang='lat' dir='ltr'><strong>relicto</strong></span> <span class='ocrx_word' id='word_1_63' title='bbox 241 1015 566 1076; x_wconf 84' lang='lat' dir='ltr'><strong>adversario,t0tam</strong></span> <span class='ocrx_word' id='word_1_64' title='bbox 584 1014 678 1066; x_wconf 90' lang='lat' dir='ltr'><strong>illam</strong></span> <span class='ocrx_word' id='word_1_65' title='bbox 696 1016 863 1082; x_wconf 89' lang='lat' dir='ltr'><strong>regionem</strong></span> <span class='ocrx_word' id='word_1_66' title='bbox 881 1014 1074 1068; x_wconf 76' lang='lat' dir='ltr'><strong>Francorum</strong></span> <span class='ocrx_word' id='word_1_67' title='bbox 1093 1016 1231 1083; x_wconf 89' lang='lat' dir='ltr'><strong>imperio</strong></span> <span class='ocrx_word' id='word_1_68' title='bbox 1272 1013 1348 1076; x_wconf 68' lang='lat' dir='ltr'><strong>aior.</strong></span> <span class='ocrx_word' id='word_1_69' title='bbox 1380 1014 1386 1024; x_wconf 84' lang='lat'>&#39;</span> 
     </span>
     <span class='ocr_line' id='line_1_10' title="bbox 99 1083 1233 1152; baseline 0.002 -17"><span class='ocrx_word' id='word_1_70' title='bbox 99 1084 298 1152; x_wconf 90' lang='lat' dir='ltr'><strong>subiugavit</strong></span> <span class='ocrx_word' id='word_1_71' title='bbox 322 1086 367 1145; x_wconf 88' lang='lat' dir='ltr'><strong>et,</strong></span> <span class='ocrx_word' id='word_1_72' title='bbox 393 1084 521 1136; x_wconf 91' lang='lat' dir='ltr'><strong>cunctis</strong></span> <span class='ocrx_word' id='word_1_73' title='bbox 543 1086 675 1135; x_wconf 85' lang='lat' dir='ltr'><strong>strenuo</strong></span> <span class='ocrx_word' id='word_1_74' title='bbox 697 1083 885 1150; x_wconf 68' lang='lat' dir='ltr'><strong>dispositis</strong></span> <span class='ocrx_word' id='word_1_75' title='bbox 909 1083 948 1136; x_wconf 89' lang='lat' dir='ltr'><strong>ad</strong></span> <span class='ocrx_word' id='word_1_76' title='bbox 970 1083 1122 1150; x_wconf 89' lang='lat' dir='ltr'><strong>proprias</strong></span> <span class='ocrx_word' id='word_1_77' title='bbox 1140 1084 1233 1137; x_wconf 89' lang='lat' dir='ltr'><strong>sedes</strong></span> 
     </span>
     <span class='ocr_line' id='line_1_11' title="bbox 100 1154 333 1205; baseline -0.004 -1"><span class='ocrx_word' id='word_1_78' title='bbox 100 1168 251 1205; x_wconf 91' lang='lat' dir='ltr'><strong>reversus</strong></span> <span class='ocrx_word' id='word_1_79' title='bbox 276 1154 333 1204; x_wconf 90' lang='lat' dir='ltr'><strong>est.</strong></span> 
     </span>
    </p>
   </div>
   <div class='ocr_carea' id='block_1_6' title="bbox 100 1217 1236 4125">
    <p class='ocr_par' dir='ltr' id='par_1_6' title="bbox 100 1217 1236 4125">
     <span class='ocr_line' id='line_1_12' title="bbox 188 1217 1232 1302; baseline 0.001 -20"><span class='ocrx_word' id='word_1_80' title='bbox 188 1218 283 1282; x_wconf 90' lang='lat' dir='ltr'><strong>Hunc</strong></span> <span class='ocrx_word' id='word_1_81' title='bbox 305 1217 529 1300; x_wconf 82' lang='lat' dir='ltr'><strong>Raginfridum</strong></span> <span class='ocrx_word' id='word_1_82' title='bbox 551 1217 591 1280; x_wconf 90' lang='lat' dir='ltr'><strong>de</strong></span> <span class='ocrx_word' id='word_1_83' title='bbox 613 1217 713 1281; x_wconf 93' lang='lat' dir='ltr'><strong>nobili</strong></span> <span class='ocrx_word' id='word_1_84' title='bbox 732 1218 930 1283; x_wconf 82' lang='lat' dir='ltr'><strong>Francorum</strong></span> <span class='ocrx_word' id='word_1_85' title='bbox 952 1221 1104 1302; x_wconf 85' lang='lat' dir='ltr'><strong>prosapia</strong></span> <span class='ocrx_word' id='word_1_86' title='bbox 1127 1227 1232 1283; x_wconf 91' lang='lat' dir='ltr'><strong>ortum</strong></span> 
     </span>
     <span class='ocr_line' id='line_1_13' title="bbox 100 1303 1235 1387; baseline 0 -18"><span class='ocrx_word' id='word_1_87' title='bbox 100 1305 202 1369; x_wconf 82' lang='lat' dir='ltr'><strong>fuisse</strong></span> <span class='ocrx_word' id='word_1_88' title='bbox 232 1310 366 1382; x_wconf 85' lang='lat' dir='ltr'><strong>constat,</strong></span> <span class='ocrx_word' id='word_1_89' title='bbox 399 1305 475 1367; x_wconf 88' lang='lat' dir='ltr'><strong>licet</strong></span> <span class='ocrx_word' id='word_1_90' title='bbox 504 1324 604 1387; x_wconf 91' lang='lat' dir='ltr'><strong>opera</strong></span> <span class='ocrx_word' id='word_1_91' title='bbox 633 1303 773 1368; x_wconf 88' lang='lat' dir='ltr'><strong>nefanda</strong></span> <span class='ocrx_word' id='word_1_92' title='bbox 796 1306 1043 1386; x_wconf 82' lang='lat' dir='ltr'><strong>generositatem</strong></span> <span class='ocrx_word' id='word_1_93' title='bbox 1066 1304 1235 1370; x_wconf 84' lang='lat' dir='ltr'><strong>foedarent</strong></span> 
     </span>
     <span class='ocr_line' id='line_1_14' title="bbox 101 1389 1234 1474; baseline 0 -20"><span class='ocrx_word' id='word_1_94' title='bbox 101 1391 197 1454; x_wconf 82' lang='lat' dir='ltr'><strong>illius.</strong></span> <span class='ocrx_word' id='word_1_95' title='bbox 258 1389 431 1472; x_wconf 88' lang='lat' dir='ltr'><strong>Compater</strong></span> <span class='ocrx_word' id='word_1_96' title='bbox 475 1390 572 1452; x_wconf 92' lang='lat' dir='ltr'><strong>etiam</strong></span> <span class='ocrx_word' id='word_1_97' title='bbox 613 1390 770 1469; x_wconf 87' lang='lat' dir='ltr'><strong>spiritalis</strong></span> <span class='ocrx_word' id='word_1_98' title='bbox 815 1390 1068 1472; x_wconf 82' lang='lat' dir='ltr'><strong>regenerationis</strong></span> <span class='ocrx_word' id='word_1_99' title='bbox 1105 1391 1234 1474; x_wconf 91' lang='lat' dir='ltr'><strong>Pippini</strong></span> 
     </span>
     <span class='ocr_line' id='line_1_15' title="bbox 101 1475 1232 1558; baseline 0 -18"><span class='ocrx_word' id='word_1_100' title='bbox 101 1477 212 1556; x_wconf 89' lang='lat' dir='ltr'><strong>magni</strong></span> <span class='ocrx_word' id='word_1_101' title='bbox 234 1479 340 1558; x_wconf 88' lang='lat' dir='ltr'><strong>regis,</strong></span> <span class='ocrx_word' id='word_1_102' title='bbox 374 1477 430 1555; x_wconf 89' lang='lat' dir='ltr'><strong>qui</strong></span> <span class='ocrx_word' id='word_1_103' title='bbox 462 1475 502 1539; x_wconf 89' lang='lat' dir='ltr'><strong>de</strong></span> <span class='ocrx_word' id='word_1_104' title='bbox 534 1476 672 1538; x_wconf 89' lang='lat' dir='ltr'><strong>seculari</strong></span> <span class='ocrx_word' id='word_1_105' title='bbox 704 1475 833 1557; x_wconf 90' lang='lat' dir='ltr'><strong>quidem</strong></span> <span class='ocrx_word' id='word_1_106' title='bbox 865 1475 978 1539; x_wconf 89' lang='lat' dir='ltr'><strong>habitu</strong></span> <span class='ocrx_word' id='word_1_107' title='bbox 1009 1484 1232 1554; x_wconf 87' lang='lat' dir='ltr'><strong>commutatus,</strong></span> 
     </span>
     <span class='ocr_line' id='line_1_16' title="bbox 101 1559 1234 1644; baseline 0 -18"><span class='ocrx_word' id='word_1_108' title='bbox 101 1562 251 1626; x_wconf 89' lang='lat' dir='ltr'><strong>Grimoni</strong></span> <span class='ocrx_word' id='word_1_109' title='bbox 274 1560 515 1644; x_wconf 88' lang='lat' dir='ltr'><strong>archiepiscopo</strong></span> <span class='ocrx_word' id='word_1_110' title='bbox 538 1560 721 1639; x_wconf 82' lang='lat' dir='ltr'><strong>succedens,</strong></span> <span class='ocrx_word' id='word_1_111' title='bbox 743 1560 874 1644; x_wconf 84' lang='lat' dir='ltr'><strong>praesul</strong></span> <span class='ocrx_word' id='word_1_112' title='bbox 897 1559 1037 1625; x_wconf 88' lang='lat' dir='ltr'><strong>efficitur</strong></span> <span class='ocrx_word' id='word_1_113' title='bbox 1059 1561 1234 1626; x_wconf 87' lang='lat' dir='ltr'><strong>aecclesiae</strong></span> 
     </span>
     <span class='ocr_line' id='line_1_17' title="bbox 103 1645 1234 1730; baseline 0 -19"><span class='ocrx_word' id='word_1_114' title='bbox 103 1647 352 1729; x_wconf 87' lang='lat' dir='ltr'><strong>Ratumageusis</strong></span> <span class='ocrx_word' id='word_1_115' title='bbox 365 1655 535 1728; x_wconf 88' lang='lat' dir='ltr'><strong>rectorque</strong></span> <span class='ocrx_word' id='word_1_116' title='bbox 555 1645 651 1709; x_wconf 89' lang='lat' dir='ltr'><strong>huius</strong></span> <span class='ocrx_word' id='word_1_117' title='bbox 670 1647 816 1711; x_wconf 91' lang='lat' dir='ltr'><strong>coenobii</strong></span> <span class='ocrx_word' id='word_1_118' title='bbox 831 1646 1088 1726; x_wconf 86' lang='lat' dir='ltr'><strong>Fontinellensis,</strong></span> <span class='ocrx_word' id='word_1_119' title='bbox 1107 1669 1234 1730; x_wconf 90' lang='lat' dir='ltr'><strong>parum-</strong></span> 
     </span>
     <span class='ocr_line' id='line_1_18' title="bbox 102 1731 1234 1816; baseline 0.001 -19"><span class='ocrx_word' id='word_1_120' title='bbox 102 1755 165 1816; x_wconf 88' lang='lat' dir='ltr'><strong>que</strong></span> <span class='ocrx_word' id='word_1_121' title='bbox 195 1732 291 1815; x_wconf 91' lang='lat' dir='ltr'><strong>digne</strong></span> <span class='ocrx_word' id='word_1_122' title='bbox 320 1732 381 1795; x_wconf 90' lang='lat' dir='ltr'><strong>boc</strong></span> <span class='ocrx_word' id='word_1_123' title='bbox 410 1731 656 1797; x_wconf 84' lang='lat' dir='ltr'><strong>administravit.</strong></span> <span class='ocrx_word' id='word_1_124' title='bbox 706 1732 788 1796; x_wconf 89' lang='lat' dir='ltr'><strong>Erat</strong></span> <span class='ocrx_word' id='word_1_125' title='bbox 815 1752 954 1814; x_wconf 90' lang='lat' dir='ltr'><strong>namque</strong></span> <span class='ocrx_word' id='word_1_126' title='bbox 977 1734 1127 1814; x_wconf 79' lang='lat' dir='ltr'><strong>ignarusb</strong></span> <span class='ocrx_word' id='word_1_127' title='bbox 1151 1733 1234 1798; x_wconf 85' lang='lat' dir='ltr'><strong>litte-</strong></span> 
     </span>
     <span class='ocr_line' id='line_1_19' title="bbox 101 1818 1235 1902; baseline 0.001 -20"><span class='ocrx_word' id='word_1_128' title='bbox 101 1840 227 1896; x_wconf 87' lang='lat' dir='ltr'><strong>rarum,</strong></span> <span class='ocrx_word' id='word_1_129' title='bbox 260 1819 355 1882; x_wconf 90' lang='lat' dir='ltr'><strong>sicuti</strong></span> <span class='ocrx_word' id='word_1_130' title='bbox 387 1818 652 1901; x_wconf 87' lang='lat' dir='ltr'><strong>praedecessores</strong></span> <span class='ocrx_word' id='word_1_131' title='bbox 681 1819 732 1881; x_wconf 88' lang='lat' dir='ltr'><strong>sui</strong></span> <span class='ocrx_word' id='word_1_132' title='bbox 755 1818 865 1881; x_wconf 88' lang='lat' dir='ltr'><strong>Grimo</strong></span> <span class='ocrx_word' id='word_1_133' title='bbox 897 1825 930 1881; x_wconf 92' lang='lat' dir='ltr'><strong>et</strong></span> <span class='ocrx_word' id='word_1_134' title='bbox 958 1818 1065 1898; x_wconf 90' lang='lat' dir='ltr'><strong>Wido,</strong></span> <span class='ocrx_word' id='word_1_135' title='bbox 1097 1819 1235 1902; x_wconf 89' lang='lat' dir='ltr'><strong>ideoque</strong></span> 
     </span>
     <span class='ocr_line' id='line_1_20' title="bbox 102 1902 1234 1986; baseline -0.001 -18"><span class='ocrx_word' id='word_1_136' title='bbox 102 1907 210 1968; x_wconf 91' lang='lat' dir='ltr'><strong>minus</strong></span> <span class='ocrx_word' id='word_1_137' title='bbox 242 1903 373 1986; x_wconf 90' lang='lat' dir='ltr'><strong>dignum</strong></span> <span class='ocrx_word' id='word_1_138' title='bbox 405 1924 439 1968; x_wconf 88' lang='lat' dir='ltr'><strong>se</strong></span> <span class='ocrx_word' id='word_1_139' title='bbox 470 1902 644 1967; x_wconf 85' lang='lat' dir='ltr'><strong>exhibebat</strong></span> <span class='ocrx_word' id='word_1_140' title='bbox 670 1909 779 1967; x_wconf 90' lang='lat' dir='ltr'><strong>tautae</strong></span> <span class='ocrx_word' id='word_1_141' title='bbox 808 1905 855 1967; x_wconf 90' lang='lat' dir='ltr'><strong>rei</strong></span> <span class='ocrx_word' id='word_1_142' title='bbox 884 1905 1021 1985; x_wconf 89' lang='lat' dir='ltr'><strong>negotio.</strong></span> <span class='ocrx_word' id='word_1_143' title='bbox 1073 1903 1135 1979; x_wconf 87' lang='lat' dir='ltr'><strong>Qui</strong></span> <span class='ocrx_word' id='word_1_144' title='bbox 1162 1927 1234 1968; x_wconf 89' lang='lat' dir='ltr'><strong>cum</strong></span> 
     </span>
     <span class='ocr_line' id='line_1_21' title="bbox 102 1989 1236 2073; baseline -0.001 -19"><span class='ocrx_word' id='word_1_145' title='bbox 102 1990 270 2073; x_wconf 89' lang='lat' dir='ltr'><strong>regiminis</strong></span> <span class='ocrx_word' id='word_1_146' title='bbox 283 1990 378 2053; x_wconf 91' lang='lat' dir='ltr'><strong>huius</strong></span> <span class='ocrx_word' id='word_1_147' title='bbox 402 1989 546 2053; x_wconf 90' lang='lat' dir='ltr'><strong>coenobii</strong></span> <span class='ocrx_word' id='word_1_148' title='bbox 566 1996 639 2070; x_wconf 90' lang='lat' dir='ltr'><strong>post</strong></span> <span class='ocrx_word' id='word_1_149' title='bbox 660 1989 842 2070; x_wconf 83' lang='lat' dir='ltr'><strong>praefatum</strong></span> <span class='ocrx_word' id='word_1_150' title='bbox 858 1989 1028 2053; x_wconf 90' lang='lat' dir='ltr'><strong>Widonem</strong></span> <span class='ocrx_word' id='word_1_151' title='bbox 1043 1992 1236 2071; x_wconf 86' lang='lat' dir='ltr'><strong>suscepisset</strong></span> 
     </span>
     <span class='ocr_line' id='line_1_22' title="bbox 103 2074 1234 2157; baseline -0.001 -18"><span class='ocrx_word' id='word_1_152' title='bbox 103 2096 230 2154; x_wconf 88' lang='lat' dir='ltr'><strong>curam,</strong></span> <span class='ocrx_word' id='word_1_153' title='bbox 258 2074 357 2138; x_wconf 91' lang='lat' dir='ltr'><strong>nichil</strong></span> <span class='ocrx_word' id='word_1_154' title='bbox 379 2076 421 2139; x_wconf 89' lang='lat' dir='ltr'><strong>ad</strong></span> <span class='ocrx_word' id='word_1_155' title='bbox 444 2075 591 2138; x_wconf 88' lang='lat' dir='ltr'><strong>consulta</strong></span> <span class='ocrx_word' id='word_1_156' title='bbox 614 2074 750 2138; x_wconf 87' lang='lat' dir='ltr'><strong>fratrum</strong></span> <span class='ocrx_word' id='word_1_157' title='bbox 774 2096 869 2157; x_wconf 90' lang='lat' dir='ltr'><strong>agere</strong></span> <span class='ocrx_word' id='word_1_158' title='bbox 891 2074 1026 2152; x_wconf 88' lang='lat' dir='ltr'><strong>volebat,</strong></span> <span class='ocrx_word' id='word_1_159' title='bbox 1055 2076 1153 2139; x_wconf 91' lang='lat' dir='ltr'><strong>immo</strong></span> <span class='ocrx_word' id='word_1_160' title='bbox 1177 2076 1234 2140; x_wconf 90' lang='lat' dir='ltr'><strong>ali-</strong></span> 
     </span>
     <span class='ocr_line' id='line_1_23' title="bbox 101 2159 1234 2243; baseline -0.002 -18"><span class='ocrx_word' id='word_1_161' title='bbox 101 2168 214 2226; x_wconf 89' lang='lat' dir='ltr'><strong>menta</strong></span> <span class='ocrx_word' id='word_1_162' title='bbox 236 2162 379 2242; x_wconf 92' lang='lat' dir='ltr'><strong>corporis</strong></span> <span class='ocrx_word' id='word_1_163' title='bbox 402 2182 440 2224; x_wconf 91' lang='lat' dir='ltr'><strong>ac</strong></span> <span class='ocrx_word' id='word_1_164' title='bbox 461 2167 648 2242; x_wconf 89' lang='lat' dir='ltr'><strong>tegumenta</strong></span> <span class='ocrx_word' id='word_1_165' title='bbox 671 2161 717 2223; x_wconf 91' lang='lat' dir='ltr'><strong>eis</strong></span> <span class='ocrx_word' id='word_1_166' title='bbox 739 2159 941 2237; x_wconf 88' lang='lat' dir='ltr'><strong>subtrahens,</strong></span> <span class='ocrx_word' id='word_1_167' title='bbox 964 2162 1103 2243; x_wconf 89' lang='lat' dir='ltr'><strong>propriis</strong></span> <span class='ocrx_word' id='word_1_168' title='bbox 1122 2160 1234 2224; x_wconf 89' lang='lat' dir='ltr'><strong>usibus</strong></span> 
     </span>
     <span class='ocr_line' id='line_1_24' title="bbox 101 2246 1234 2328; baseline -0.003 -17"><span class='ocrx_word' id='word_1_169' title='bbox 101 2247 319 2328; x_wconf 88' lang='lat' dir='ltr'><strong>retorquebat.</strong></span> <span class='ocrx_word' id='word_1_170' title='bbox 357 2246 448 2310; x_wconf 89' lang='lat' dir='ltr'><strong>Unde</strong></span> <span class='ocrx_word' id='word_1_171' title='bbox 471 2253 631 2308; x_wconf 88' lang='lat' dir='ltr'><strong>commota</strong></span> <span class='ocrx_word' id='word_1_172' title='bbox 654 2249 757 2312; x_wconf 90' lang='lat' dir='ltr'><strong>omnis</strong></span> <span class='ocrx_word' id='word_1_173' title='bbox 779 2253 909 2310; x_wconf 88' lang='lat' dir='ltr'><strong>caterva</strong></span> <span class='ocrx_word' id='word_1_174' title='bbox 931 2247 1171 2325; x_wconf 90' lang='lat' dir='ltr'><strong>monachorum,</strong></span> <span class='ocrx_word' id='word_1_175' title='bbox 1195 2267 1234 2309; x_wconf 90' lang='lat' dir='ltr'><strong>ne</strong></span> 
     </span>
     <span class='ocr_line' id='line_1_25' title="bbox 103 2330 1236 2414; baseline -0.003 -17"><span class='ocrx_word' id='word_1_176' title='bbox 103 2338 209 2397; x_wconf 87' lang='lat' dir='ltr'><strong>status</strong></span> <span class='ocrx_word' id='word_1_177' title='bbox 232 2333 336 2399; x_wconf 89' lang='lat' dir='ltr'><strong>almae</strong></span> <span class='ocrx_word' id='word_1_178' title='bbox 359 2332 490 2414; x_wconf 89' lang='lat' dir='ltr'><strong>regulae</strong></span> <span class='ocrx_word' id='word_1_179' title='bbox 513 2330 695 2395; x_wconf 87' lang='lat' dir='ltr'><strong>vacillando</strong></span> <span class='ocrx_word' id='word_1_180' title='bbox 718 2330 900 2409; x_wconf 85' lang='lat' dir='ltr'><strong>fluctuaret,</strong></span> <span class='ocrx_word' id='word_1_181' title='bbox 923 2352 1007 2413; x_wconf 89' lang='lat' dir='ltr'><strong>quae</strong></span> <span class='ocrx_word' id='word_1_182' title='bbox 1026 2332 1151 2414; x_wconf 88' lang='lat' dir='ltr'><strong>agenda</strong></span> <span class='ocrx_word' id='word_1_183' title='bbox 1170 2333 1236 2395; x_wconf 89' lang='lat' dir='ltr'><strong>sint</strong></span> 
     </span>
     <span class='ocr_line' id='line_1_26' title="bbox 102 2415 1234 2499; baseline -0.001 -18"><span class='ocrx_word' id='word_1_184' title='bbox 102 2418 292 2482; x_wconf 84' lang='lat' dir='ltr'><strong>deliberant.</strong></span> <span class='ocrx_word' id='word_1_185' title='bbox 339 2415 445 2481; x_wconf 91' lang='lat' dir='ltr'><strong>Iesum</strong></span> <span class='ocrx_word' id='word_1_186' title='bbox 471 2418 641 2499; x_wconf 90' lang='lat' dir='ltr'><strong>benignum</strong></span> <span class='ocrx_word' id='word_1_187' title='bbox 666 2417 800 2496; x_wconf 91' lang='lat' dir='ltr'><strong>adeunt,</strong></span> <span class='ocrx_word' id='word_1_188' title='bbox 830 2417 1034 2481; x_wconf 88' lang='lat' dir='ltr'><strong>elementiam</strong></span> <span class='ocrx_word' id='word_1_189' title='bbox 1061 2417 1148 2481; x_wconf 88' lang='lat' dir='ltr'><strong>illius</strong></span> <span class='ocrx_word' id='word_1_190' title='bbox 1176 2418 1234 2480; x_wconf 90' lang='lat' dir='ltr'><strong>im-</strong></span> 
     </span>
     <span class='ocr_line' id='line_1_27' title="bbox 103 2501 1234 2586; baseline -0.002 -19"><span class='ocrx_word' id='word_1_191' title='bbox 103 2504 247 2586; x_wconf 85' lang='lat' dir='ltr'><strong>plorant,</strong></span> <span class='ocrx_word' id='word_1_192' title='bbox 277 2509 314 2566; x_wconf 90' lang='lat' dir='ltr'><strong>ut</strong></span> <span class='ocrx_word' id='word_1_193' title='bbox 340 2504 408 2586; x_wconf 91' lang='lat' dir='ltr'><strong>ipse</strong></span> <span class='ocrx_word' id='word_1_194' title='bbox 431 2505 586 2566; x_wconf 90' lang='lat' dir='ltr'><strong>virtutum</strong></span> <span class='ocrx_word' id='word_1_195' title='bbox 609 2501 768 2566; x_wconf 90' lang='lat' dir='ltr'><strong>Dominus</strong></span> <span class='ocrx_word' id='word_1_196' title='bbox 796 2523 968 2567; x_wconf 89' lang='lat' dir='ltr'><strong>conversus</strong></span> <span class='ocrx_word' id='word_1_197' title='bbox 999 2504 1173 2586; x_wconf 89' lang='lat' dir='ltr'><strong>respiceret</strong></span> <span class='ocrx_word' id='word_1_198' title='bbox 1196 2502 1234 2566; x_wconf 89' lang='lat' dir='ltr'><strong>de</strong></span> 
     </span>
     <span class='ocr_line' id='line_1_28' title="bbox 103 2588 1234 2672; baseline -0.004 -18"><span class='ocrx_word' id='word_1_199' title='bbox 103 2591 194 2654; x_wconf 92' lang='lat' dir='ltr'><strong>caelo</strong></span> <span class='ocrx_word' id='word_1_200' title='bbox 229 2590 352 2652; x_wconf 88' lang='lat' dir='ltr'><strong>vincam</strong></span> <span class='ocrx_word' id='word_1_201' title='bbox 385 2609 490 2665; x_wconf 89' lang='lat' dir='ltr'><strong>snam,</strong></span> <span class='ocrx_word' id='word_1_202' title='bbox 524 2610 564 2651; x_wconf 91' lang='lat' dir='ltr'><strong>ne</strong></span> <span class='ocrx_word' id='word_1_203' title='bbox 594 2589 714 2669; x_wconf 90' lang='lat' dir='ltr'><strong>periret</strong></span> <span class='ocrx_word' id='word_1_204' title='bbox 745 2588 831 2671; x_wconf 90' lang='lat' dir='ltr'><strong>quod</strong></span> <span class='ocrx_word' id='word_1_205' title='bbox 862 2589 1028 2672; x_wconf 89' lang='lat' dir='ltr'><strong>plantarat</strong></span> <span class='ocrx_word' id='word_1_206' title='bbox 1058 2588 1234 2652; x_wconf 88' lang='lat' dir='ltr'><strong>fortissima</strong></span> 
     </span>
     <span class='ocr_line' id='line_1_29' title="bbox 102 2673 1233 2756; baseline -0.002 -18"><span class='ocrx_word' id='word_1_207' title='bbox 102 2675 238 2738; x_wconf 89' lang='lat' dir='ltr'><strong>dextera</strong></span> <span class='ocrx_word' id='word_1_208' title='bbox 260 2695 327 2737; x_wconf 86' lang='lat' dir='ltr'><strong>sua.</strong></span> <span class='ocrx_word' id='word_1_209' title='bbox 373 2674 449 2738; x_wconf 89' lang='lat' dir='ltr'><strong>Post</strong></span> <span class='ocrx_word' id='word_1_210' title='bbox 475 2673 669 2738; x_wconf 88' lang='lat' dir='ltr'><strong>celebratam</strong></span> <span class='ocrx_word' id='word_1_211' title='bbox 699 2673 836 2756; x_wconf 90' lang='lat' dir='ltr'><strong>denique</strong></span> <span class='ocrx_word' id='word_1_212' title='bbox 864 2673 1118 2738; x_wconf 87' lang='lat' dir='ltr'><strong>obsecrationem</strong></span> <span class='ocrx_word' id='word_1_213' title='bbox 1149 2673 1233 2737; x_wconf 89' lang='lat' dir='ltr'><strong>idem</strong></span> 
     </span>
     <span class='ocr_line' id='line_1_30' title="bbox 102 2759 1235 2842; baseline -0.002 -18"><span class='ocrx_word' id='word_1_214' title='bbox 102 2761 222 2825; x_wconf 91' lang='lat' dir='ltr'><strong>milites</strong></span> <span class='ocrx_word' id='word_1_215' title='bbox 241 2759 372 2838; x_wconf 83' lang='lat' dir='ltr'><strong>Christi,</strong></span> <span class='ocrx_word' id='word_1_216' title='bbox 388 2781 484 2824; x_wconf 88' lang='lat' dir='ltr'><strong>sanae</strong></span> <span class='ocrx_word' id='word_1_217' title='bbox 500 2761 616 2823; x_wconf 86' lang='lat' dir='ltr'><strong>mentis</strong></span> <span class='ocrx_word' id='word_1_218' title='bbox 631 2760 766 2823; x_wconf 90' lang='lat' dir='ltr'><strong>consilio</strong></span> <span class='ocrx_word' id='word_1_219' title='bbox 784 2761 874 2839; x_wconf 91' lang='lat' dir='ltr'><strong>inito,</strong></span> <span class='ocrx_word' id='word_1_220' title='bbox 897 2766 964 2822; x_wconf 88' lang='lat' dir='ltr'><strong>tres</strong></span> <span class='ocrx_word' id='word_1_221' title='bbox 983 2780 1021 2822; x_wconf 87' lang='lat' dir='ltr'><strong>ex</strong></span> <span class='ocrx_word' id='word_1_222' title='bbox 1042 2765 1142 2823; x_wconf 87' lang='lat' dir='ltr'><strong>semet</strong></span> <span class='ocrx_word' id='word_1_223' title='bbox 1156 2760 1235 2842; x_wconf 88' lang='lat' dir='ltr'><strong>ipsis</strong></span> 
     </span>
     <span class='ocr_line' id='line_1_31' title="bbox 102 2845 1236 2928; baseline -0.002 -19"><span class='ocrx_word' id='word_1_224' title='bbox 102 2847 222 2910; x_wconf 86' lang='lat' dir='ltr'><strong>fratres</strong></span> <span class='ocrx_word' id='word_1_225' title='bbox 245 2845 380 2927; x_wconf 88' lang='lat' dir='ltr'><strong>eligunt,</strong></span> <span class='ocrx_word' id='word_1_226' title='bbox 410 2847 465 2927; x_wconf 91' lang='lat' dir='ltr'><strong>qui</strong></span> <span class='ocrx_word' id='word_1_227' title='bbox 487 2845 624 2927; x_wconf 91' lang='lat' dir='ltr'><strong>Pippino</strong></span> <span class='ocrx_word' id='word_1_228' title='bbox 646 2845 784 2928; x_wconf 90' lang='lat' dir='ltr'><strong>principi</strong></span> <span class='ocrx_word' id='word_1_229' title='bbox 808 2851 1027 2927; x_wconf 88' lang='lat' dir='ltr'><strong>suggererent,</strong></span> <span class='ocrx_word' id='word_1_230' title='bbox 1057 2851 1094 2908; x_wconf 90' lang='lat' dir='ltr'><strong>ut</strong></span> <span class='ocrx_word' id='word_1_231' title='bbox 1116 2866 1236 2909; x_wconf 89' lang='lat' dir='ltr'><strong>memor</strong></span> 
     </span>
     <span class='ocr_line' id='line_1_32' title="bbox 103 2930 1236 3015; baseline -0.001 -21"><span class='ocrx_word' id='word_1_232' title='bbox 103 2932 277 3015; x_wconf 91' lang='lat' dir='ltr'><strong>propinqui</strong></span> <span class='ocrx_word' id='word_1_233' title='bbox 312 2932 361 2994; x_wconf 91' lang='lat' dir='ltr'><strong>sui</strong></span> <span class='ocrx_word' id='word_1_234' title='bbox 398 2930 485 2995; x_wconf 88' lang='lat' dir='ltr'><strong>beati</strong></span> <span class='ocrx_word' id='word_1_235' title='bbox 517 2930 743 3012; x_wconf 88' lang='lat' dir='ltr'><strong>Wandregisili</strong></span> <span class='ocrx_word' id='word_1_236' title='bbox 777 2952 816 2994; x_wconf 89' lang='lat' dir='ltr'><strong>ac</strong></span> <span class='ocrx_word' id='word_1_237' title='bbox 847 2931 1001 3013; x_wconf 89' lang='lat' dir='ltr'><strong>genitoris</strong></span> <span class='ocrx_word' id='word_1_238' title='bbox 1037 2931 1087 2994; x_wconf 89' lang='lat' dir='ltr'><strong>sui</strong></span> <span class='ocrx_word' id='word_1_239' title='bbox 1125 2931 1236 2995; x_wconf 88' lang='lat' dir='ltr'><strong>invicti</strong></span> 
     </span>
     <span class='ocr_line' id='line_1_33' title="bbox 103 3015 1236 3098; baseline -0.003 -17"><span class='ocrx_word' id='word_1_240' title='bbox 103 3017 233 3094; x_wconf 89' lang='lat' dir='ltr'><strong>Karoli,</strong></span> <span class='ocrx_word' id='word_1_241' title='bbox 261 3018 317 3098; x_wconf 91' lang='lat' dir='ltr'><strong>qui</strong></span> <span class='ocrx_word' id='word_1_242' title='bbox 343 3016 448 3079; x_wconf 90' lang='lat' dir='ltr'><strong>locum</strong></span> <span class='ocrx_word' id='word_1_243' title='bbox 475 3017 561 3079; x_wconf 89' lang='lat' dir='ltr'><strong>hunc</strong></span> <span class='ocrx_word' id='word_1_244' title='bbox 583 3017 757 3098; x_wconf 90' lang='lat' dir='ltr'><strong>privilegiis</strong></span> <span class='ocrx_word' id='word_1_245' title='bbox 780 3038 857 3080; x_wconf 90' lang='lat' dir='ltr'><strong>suae</strong></span> <span class='ocrx_word' id='word_1_246' title='bbox 879 3017 1081 3080; x_wconf 87' lang='lat' dir='ltr'><strong>auctoritatis</strong></span> <span class='ocrx_word' id='word_1_247' title='bbox 1105 3015 1236 3080; x_wconf 87' lang='lat' dir='ltr'><strong>decora-</strong></span> 
     </span>
     <span class='ocr_line' id='line_1_34' title="bbox 104 3101 1234 3180; baseline -0.003 -13"><span class='ocrx_word' id='word_1_248' title='bbox 104 3109 195 3167; x_wconf 85' lang='lat' dir='ltr'><strong>verat</strong></span> <span class='ocrx_word' id='word_1_249' title='bbox 218 3123 256 3166; x_wconf 87' lang='lat' dir='ltr'><strong>ac</strong></span> <span class='ocrx_word' id='word_1_250' title='bbox 278 3101 463 3166; x_wconf 88' lang='lat' dir='ltr'><strong>defensione</strong></span> <span class='ocrx_word' id='word_1_251' title='bbox 485 3101 663 3165; x_wconf 82' lang='lat' dir='ltr'><strong>fortissima</strong></span> <span class='ocrx_word' id='word_1_252' title='bbox 684 3102 901 3180; x_wconf 86' lang='lat' dir='ltr'><strong>roboraverat,</strong></span> <span class='ocrx_word' id='word_1_253' title='bbox 926 3123 945 3165; x_wconf 89' lang='lat' dir='ltr'><strong>a</strong></span> <span class='ocrx_word' id='word_1_254' title='bbox 968 3102 1134 3165; x_wconf 92' lang='lat' dir='ltr'><strong>dominatu</strong></span> <span class='ocrx_word' id='word_1_255' title='bbox 1151 3102 1234 3166; x_wconf 91' lang='lat' dir='ltr'><strong>tanti</strong></span> 
     </span>
     <span class='ocr_line' id='line_1_35' title="bbox 104 3186 1235 3273; baseline -0.001 -22"><span class='ocrx_word' id='word_1_256' title='bbox 104 3187 278 3273; x_wconf 87' lang='lat' dir='ltr'><strong>praedonis</strong></span> <span class='ocrx_word' id='word_1_257' title='bbox 301 3209 339 3252; x_wconf 91' lang='lat' dir='ltr'><strong>ae</strong></span> <span class='ocrx_word' id='word_1_258' title='bbox 363 3188 483 3251; x_wconf 89' lang='lat' dir='ltr'><strong>tiranni</strong></span> <span class='ocrx_word' id='word_1_259' title='bbox 505 3187 758 3251; x_wconf 87' lang='lat' dir='ltr'><strong>misericorditer</strong></span> <span class='ocrx_word' id='word_1_260' title='bbox 781 3209 835 3252; x_wconf 90' lang='lat' dir='ltr'><strong>eos</strong></span> <span class='ocrx_word' id='word_1_261' title='bbox 852 3187 1014 3252; x_wconf 88' lang='lat' dir='ltr'><strong>liberaret.</strong></span> <span class='ocrx_word' id='word_1_262' title='bbox 1052 3186 1117 3251; x_wconf 91' lang='lat' dir='ltr'><strong>Neo</strong></span> <span class='ocrx_word' id='word_1_263' title='bbox 1136 3209 1235 3264; x_wconf 89' lang='lat' dir='ltr'><strong>mora,</strong></span> 
     </span>
     <span class='ocr_line' id='line_1_36' title="bbox 105 3272 1236 3357; baseline -0.003 -19"><span class='ocrx_word' id='word_1_264' title='bbox 105 3295 188 3357; x_wconf 89' lang='lat' dir='ltr'><strong>quae</strong></span> <span class='ocrx_word' id='word_1_265' title='bbox 202 3275 366 3355; x_wconf 89' lang='lat' dir='ltr'><strong>petierant</strong></span> <span class='ocrx_word' id='word_1_266' title='bbox 380 3273 611 3355; x_wconf 86' lang='lat' dir='ltr'><strong>adipiscuntur.</strong></span> <span class='ocrx_word' id='word_1_267' title='bbox 645 3273 812 3356; x_wconf 87' lang='lat' dir='ltr'><strong>Extemplo</strong></span> <span class='ocrx_word' id='word_1_268' title='bbox 831 3295 970 3356; x_wconf 87' lang='lat' dir='ltr'><strong>namque</strong></span> <span class='ocrx_word' id='word_1_269' title='bbox 989 3274 1078 3355; x_wconf 90' lang='lat' dir='ltr'><strong>regia</strong></span> <span class='ocrx_word' id='word_1_270' title='bbox 1096 3272 1236 3336; x_wconf 87' lang='lat' dir='ltr'><strong>auctori-</strong></span> 
     </span>
     <span class='ocr_line' id='line_1_37' title="bbox 104 3357 1236 3441; baseline -0.004 -18"><span class='ocrx_word' id='word_1_271' title='bbox 104 3367 172 3424; x_wconf 87' lang='lat' dir='ltr'><strong>tate</strong></span> <span class='ocrx_word' id='word_1_272' title='bbox 201 3358 286 3422; x_wconf 92' lang='lat' dir='ltr'><strong>idem</strong></span> <span class='ocrx_word' id='word_1_273' title='bbox 318 3359 532 3440; x_wconf 84' lang='lat' dir='ltr'><strong>Ragenfridus</strong></span> <span class='ocrx_word' id='word_1_274' title='bbox 561 3358 601 3421; x_wconf 91' lang='lat' dir='ltr'><strong>de</strong></span> <span class='ocrx_word' id='word_1_275' title='bbox 631 3358 741 3422; x_wconf 90' lang='lat' dir='ltr'><strong>ordine</strong></span> <span class='ocrx_word' id='word_1_276' title='bbox 774 3358 936 3441; x_wconf 89' lang='lat' dir='ltr'><strong>regiminis</strong></span> <span class='ocrx_word' id='word_1_277' title='bbox 965 3359 1062 3422; x_wconf 91' lang='lat' dir='ltr'><strong>huius</strong></span> <span class='ocrx_word' id='word_1_278' title='bbox 1091 3357 1236 3422; x_wconf 89' lang='lat' dir='ltr'><strong>coenobii</strong></span> 
     </span>
     <span class='ocr_line' id='line_1_38' title="bbox 106 3442 1235 3528; baseline -0.003 -20"><span class='ocrx_word' id='word_1_279' title='bbox 106 3445 272 3528; x_wconf 89' lang='lat' dir='ltr'><strong>depositus</strong></span> <span class='ocrx_word' id='word_1_280' title='bbox 308 3451 370 3522; x_wconf 89' lang='lat' dir='ltr'><strong>est,</strong></span> <span class='ocrx_word' id='word_1_281' title='bbox 406 3449 568 3508; x_wconf 90' lang='lat' dir='ltr'><strong>reservato</strong></span> <span class='ocrx_word' id='word_1_282' title='bbox 604 3443 665 3506; x_wconf 91' lang='lat' dir='ltr'><strong>sibi</strong></span> <span class='ocrx_word' id='word_1_283' title='bbox 702 3444 888 3527; x_wconf 86' lang='lat' dir='ltr'><strong>episcopatu</strong></span> <span class='ocrx_word' id='word_1_284' title='bbox 927 3442 1101 3508; x_wconf 89' lang='lat' dir='ltr'><strong>aecclesiae</strong></span> <span class='ocrx_word' id='word_1_285' title='bbox 1138 3444 1235 3506; x_wconf 87' lang='lat' dir='ltr'><strong>Ratu-</strong></span> 
     </span>
     <span class='ocr_line' id='line_1_39' title="bbox 106 3527 1235 3612; baseline -0.002 -20"><span class='ocrx_word' id='word_1_286' title='bbox 106 3531 277 3612; x_wconf 90' lang='lat' dir='ltr'><strong>magensis.</strong></span> <span class='ocrx_word' id='word_1_287' title='bbox 328 3529 468 3593; x_wconf 90' lang='lat' dir='ltr'><strong>Nomina</strong></span> <span class='ocrx_word' id='word_1_288' title='bbox 497 3535 607 3593; x_wconf 89' lang='lat' dir='ltr'><strong>autem</strong></span> <span class='ocrx_word' id='word_1_289' title='bbox 636 3527 774 3592; x_wconf 83' lang='lat' dir='ltr'><strong>fratrum</strong></span> <span class='ocrx_word' id='word_1_290' title='bbox 803 3530 929 3593; x_wconf 88' lang='lat' dir='ltr'><strong>illorum</strong></span> <span class='ocrx_word' id='word_1_291' title='bbox 961 3529 1016 3611; x_wconf 93' lang='lat' dir='ltr'><strong>qui</strong></span> <span class='ocrx_word' id='word_1_292' title='bbox 1042 3550 1151 3610; x_wconf 92' lang='lat' dir='ltr'><strong>regem</strong></span> <span class='ocrx_word' id='word_1_293' title='bbox 1177 3547 1235 3610; x_wconf 91' lang='lat' dir='ltr'><strong>pru</strong></span> 
     </span>
     <span class='ocr_line' id='line_1_40' title="bbox 106 3612 1235 3692; baseline -0.004 -13"><span class='ocrx_word' id='word_1_294' title='bbox 106 3616 217 3680; x_wconf 91' lang='lat' dir='ltr'><strong>eadem</strong></span> <span class='ocrx_word' id='word_1_295' title='bbox 249 3637 284 3679; x_wconf 92' lang='lat' dir='ltr'><strong>re</strong></span> <span class='ocrx_word' id='word_1_296' title='bbox 315 3615 479 3692; x_wconf 88' lang='lat' dir='ltr'><strong>adierunt,</strong></span> <span class='ocrx_word' id='word_1_297' title='bbox 514 3615 594 3678; x_wconf 89' lang='lat' dir='ltr'><strong>haec</strong></span> <span class='ocrx_word' id='word_1_298' title='bbox 624 3623 711 3678; x_wconf 89' lang='lat' dir='ltr'><strong>suut:</strong></span> <span class='ocrx_word' id='word_1_299' title='bbox 745 3614 991 3690; x_wconf 76' lang='lat' dir='ltr'><strong>VuldrebertuS‚</strong></span> <span class='ocrx_word' id='word_1_300' title='bbox 1028 3613 1068 3676; x_wconf 90' lang='lat' dir='ltr'><strong>do</strong></span> <span class='ocrx_word' id='word_1_301' title='bbox 1099 3612 1235 3676; x_wconf 92' lang='lat' dir='ltr'><strong>Meldico</strong></span> 
     </span>
     <span class='ocr_line' id='line_1_41' title="bbox 106 3697 1236 3785; baseline -0.004 -19"><span class='ocrx_word' id='word_1_302' title='bbox 106 3700 210 3785; x_wconf 84' lang='lat' dir='ltr'><strong>pago²</strong></span> <span class='ocrx_word' id='word_1_303' title='bbox 242 3708 345 3779; x_wconf 89' lang='lat' dir='ltr'><strong>ortus,</strong></span> <span class='ocrx_word' id='word_1_304' title='bbox 378 3700 583 3778; x_wconf 89' lang='lat' dir='ltr'><strong>Laurentius,</strong></span> <span class='ocrx_word' id='word_1_305' title='bbox 618 3722 658 3763; x_wconf 84' lang='lat' dir='ltr'><strong>ex</strong></span> <span class='ocrx_word' id='word_1_306' title='bbox 688 3700 868 3763; x_wconf 90' lang='lat' dir='ltr'><strong>Benevento</strong></span> <span class='ocrx_word' id='word_1_307' title='bbox 901 3699 1097 3780; x_wconf 85' lang='lat' dir='ltr'><strong>Campaniae</strong></span> <span class='ocrx_word' id='word_1_308' title='bbox 1129 3697 1236 3761; x_wconf 87' lang='lat' dir='ltr'><strong>caruis</strong></span> 
     </span>
     <span class='ocr_line' id='line_1_42' title="bbox 107 3784 1236 3869; baseline -0.004 -19"><span class='ocrx_word' id='word_1_309' title='bbox 107 3788 261 3869; x_wconf 91' lang='lat' dir='ltr'><strong>originem</strong></span> <span class='ocrx_word' id='word_1_310' title='bbox 280 3787 420 3864; x_wconf 86' lang='lat' dir='ltr'><strong>trahens,</strong></span> <span class='ocrx_word' id='word_1_311' title='bbox 438 3785 631 3861; x_wconf 82' lang='lat' dir='ltr'><strong>Austrulfus,</strong></span> <span class='ocrx_word' id='word_1_312' title='bbox 647 3785 812 3867; x_wconf 89' lang='lat' dir='ltr'><strong>quondam</strong></span> <span class='ocrx_word' id='word_1_313' title='bbox 824 3785 1026 3867; x_wconf 90' lang='lat' dir='ltr'><strong>praepositus</strong></span> <span class='ocrx_word' id='word_1_314' title='bbox 1044 3784 1236 3866; x_wconf 91' lang='lat' dir='ltr'><strong>demumque</strong></span> 
     </span>
     <span class='ocr_line' id='line_1_43' title="bbox 107 3867 1236 3954; baseline -0.004 -20"><span class='ocrx_word' id='word_1_315' title='bbox 107 3873 201 3936; x_wconf 89' lang='lat' dir='ltr'><strong>huius</strong></span> <span class='ocrx_word' id='word_1_316' title='bbox 224 3873 411 3936; x_wconf 90' lang='lat' dir='ltr'><strong>monasterii</strong></span> <span class='ocrx_word' id='word_1_317' title='bbox 434 3878 535 3954; x_wconf 87' lang='lat' dir='ltr'><strong>pater.</strong></span> <span class='ocrx_word' id='word_1_318' title='bbox 572 3870 714 3952; x_wconf 84' lang='lat' dir='ltr'><strong>Cumque</strong></span> <span class='ocrx_word' id='word_1_319' title='bbox 738 3892 757 3933; x_wconf 92' lang='lat' dir='ltr'><strong>a</strong></span> <span class='ocrx_word' id='word_1_320' title='bbox 779 3870 925 3953; x_wconf 87' lang='lat' dir='ltr'><strong>praefato</strong></span> <span class='ocrx_word' id='word_1_321' title='bbox 949 3891 1032 3950; x_wconf 89' lang='lat' dir='ltr'><strong>rege,</strong></span> <span class='ocrx_word' id='word_1_322' title='bbox 1056 3890 1150 3950; x_wconf 89' lang='lat' dir='ltr'><strong>quem</strong></span> <span class='ocrx_word' id='word_1_323' title='bbox 1175 3867 1236 3931; x_wconf 88' lang='lat' dir='ltr'><strong>sibi</strong></span> 
     </span>
     <span class='ocr_line' id='line_1_44' title="bbox 107 3954 1235 4038; baseline -0.004 -18"><span class='ocrx_word' id='word_1_324' title='bbox 107 3957 281 4038; x_wconf 90' lang='lat' dir='ltr'><strong>praeficere</strong></span> <span class='ocrx_word' id='word_1_325' title='bbox 305 3963 460 4021; x_wconf 91' lang='lat' dir='ltr'><strong>rectorem</strong></span> <span class='ocrx_word' id='word_1_326' title='bbox 484 3957 613 4034; x_wconf 88' lang='lat' dir='ltr'><strong>vellent,</strong></span> <span class='ocrx_word' id='word_1_327' title='bbox 637 3957 837 4038; x_wconf 89' lang='lat' dir='ltr'><strong>percunctati</strong></span> <span class='ocrx_word' id='word_1_328' title='bbox 860 3956 1011 4031; x_wconf 84' lang='lat' dir='ltr'><strong>fuissent,</strong></span> <span class='ocrx_word' id='word_1_329' title='bbox 1037 3954 1235 4017; x_wconf 90' lang='lat' dir='ltr'><strong>Wandonem</strong></span> 
     </span>
     <span class='ocr_line' id='line_1_45' title="bbox 107 4038 1235 4125; baseline -0.004 -19"><span class='ocrx_word' id='word_1_330' title='bbox 107 4043 167 4106; x_wconf 91' lang='lat' dir='ltr'><strong>sibi</strong></span> <span class='ocrx_word' id='word_1_331' title='bbox 190 4063 340 4125; x_wconf 87' lang='lat' dir='ltr'><strong>praeesse</strong></span> <span class='ocrx_word' id='word_1_332' title='bbox 362 4043 441 4107; x_wconf 91' lang='lat' dir='ltr'><strong>velle</strong></span> <span class='ocrx_word' id='word_1_333' title='bbox 460 4041 702 4124; x_wconf 90' lang='lat' dir='ltr'><strong>responderunt.</strong></span> <span class='ocrx_word' id='word_1_334' title='bbox 740 4042 820 4104; x_wconf 87' lang='lat' dir='ltr'><strong>Erat</strong></span> <span class='ocrx_word' id='word_1_335' title='bbox 837 4047 942 4104; x_wconf 89' lang='lat' dir='ltr'><strong>autem</strong></span> <span class='ocrx_word' id='word_1_336' title='bbox 963 4038 1068 4102; x_wconf 91' lang='lat' dir='ltr'><strong>adhuc</strong></span> <span class='ocrx_word' id='word_1_337' title='bbox 1087 4041 1120 4102; x_wconf 89' lang='lat' dir='ltr'><strong>in</strong></span> <span class='ocrx_word' id='word_1_338' title='bbox 1139 4039 1235 4102; x_wconf 86' lang='lat' dir='ltr'><strong>exilio</strong></span> 
     </span>
    </p>
   </div>
   <div class='ocr_carea' id='block_1_7' title="bbox 106 4123 1237 4282">
    <p class='ocr_par' dir='ltr' id='par_1_7' title="bbox 106 4123 1237 4282">
     <span class='ocr_line' id='line_1_46' title="bbox 107 4123 1237 4203; baseline -0.002 -13"><span class='ocrx_word' id='word_1_339' title='bbox 107 4128 191 4192; x_wconf 87' lang='lat' dir='ltr'><strong>idem</strong></span> <span class='ocrx_word' id='word_1_340' title='bbox 222 4127 346 4191; x_wconf 89' lang='lat' dir='ltr'><strong>Wando</strong></span> <span class='ocrx_word' id='word_1_341' title='bbox 377 4130 411 4191; x_wconf 92' lang='lat' dir='ltr'><strong>in</strong></span> <span class='ocrx_word' id='word_1_342' title='bbox 443 4125 612 4190; x_wconf 83' lang='lat' dir='ltr'><strong>l&#39;raiecto3</strong></span> <span class='ocrx_word' id='word_1_343' title='bbox 645 4134 763 4203; x_wconf 87' lang='lat' dir='ltr'><strong>castro,</strong></span> <span class='ocrx_word' id='word_1_344' title='bbox 796 4128 829 4188; x_wconf 89' lang='lat' dir='ltr'><strong>iu</strong></span> <span class='ocrx_word' id='word_1_345' title='bbox 860 4127 1056 4189; x_wconf 90' lang='lat' dir='ltr'><strong>monasterio</strong></span> <span class='ocrx_word' id='word_1_346' title='bbox 1088 4123 1237 4189; x_wconf 90' lang='lat' dir='ltr'><strong>videlicet</strong></span> 
     </span>
     <span class='ocr_line' id='line_1_47' title="bbox 106 4229 984 4282; baseline -0.002 -13"><span class='ocrx_word' id='word_1_347' title='bbox 106 4229 128 4281; x_wconf 85' lang='lat' dir='ltr'><strong>a)</strong></span> <span class='ocrx_word' id='word_1_348' title='bbox 144 4231 230 4270; x_wconf 80' lang='lat' dir='ltr'>XXVII</span> <span class='ocrx_word' id='word_1_349' title='bbox 245 4233 268 4269; x_wconf 84' lang='lat' dir='ltr'><strong>ia</strong></span> <span class='ocrx_word' id='word_1_350' title='bbox 280 4242 345 4282; x_wconf 76' lang='lat' dir='ltr'><strong>marg.</strong></span> <span class='ocrx_word' id='word_1_351' title='bbox 360 4233 431 4279; x_wconf 81' lang='lat' dir='ltr'><strong>suppl.</strong></span> <span class='ocrx_word' id='word_1_352' title='bbox 445 4243 462 4272; x_wconf 89' lang='lat' dir='ltr'><strong>c.</strong></span> <span class='ocrx_word' id='word_1_353' title='bbox 515 4229 538 4281; x_wconf 90' lang='lat' dir='ltr'><strong>b)</strong></span> <span class='ocrx_word' id='word_1_354' title='bbox 551 4239 638 4280; x_wconf 78' lang='lat' dir='ltr'><strong>gnarus,</strong></span> <span class='ocrx_word' id='word_1_355' title='bbox 651 4231 659 4267; x_wconf 89' lang='lat' dir='ltr'><strong>l</strong></span> <span class='ocrx_word' id='word_1_356' title='bbox 672 4241 780 4278; x_wconf 79' lang='lat' dir='ltr'><strong>suprascr.</strong></span> <span class='ocrx_word' id='word_1_357' title='bbox 795 4240 848 4268; x_wconf 89' lang='lat' dir='ltr'><strong>corr.</strong></span> <span class='ocrx_word' id='word_1_358' title='bbox 862 4230 953 4276; x_wconf 78' lang='lat' dir='ltr'><strong>ignarus</strong></span> <span class='ocrx_word' id='word_1_359' title='bbox 966 4239 984 4267; x_wconf 85' lang='lat' dir='ltr'><strong>c.</strong></span> 
     </span>
    </p>
   </div>
   <div class='ocr_carea' id='block_1_8' title="bbox 106 4298 1236 4435">
    <p class='ocr_par' dir='ltr' id='par_1_8' title="bbox 106 4298 1236 4435">
     <span class='ocr_line' id='line_1_48' title="bbox 107 4298 1236 4365; baseline -0.004 -12"><span class='ocrx_word' id='word_1_360' title='bbox 107 4300 133 4363; x_wconf 89' lang='lat'><strong>1)</strong></span> <span class='ocrx_word' id='word_1_361' title='bbox 149 4301 208 4363; x_wconf 89' lang='lat' dir='ltr'><strong>III,</strong></span> <span class='ocrx_word' id='word_1_362' title='bbox 223 4318 249 4354; x_wconf 87' lang='lat' dir='ltr'><strong>a.</strong></span> <span class='ocrx_word' id='word_1_363' title='bbox 260 4301 404 4354; x_wconf 85' lang='lat'><strong>731-741.</strong></span> <span class='ocrx_word' id='word_1_364' title='bbox 453 4299 479 4363; x_wconf 83' lang='grc'><strong>2)</strong></span> <span class='ocrx_word' id='word_1_365' title='bbox 495 4298 574 4353; x_wconf 80' lang='lat' dir='ltr'><strong>Circa</strong></span> <span class='ocrx_word' id='word_1_366' title='bbox 585 4300 699 4351; x_wconf 77' lang='lat' dir='ltr'><strong>Merrae.</strong></span> <span class='ocrx_word' id='word_1_367' title='bbox 751 4298 777 4365; x_wconf 87' lang='grc'><strong>3)</strong></span> <span class='ocrx_word' id='word_1_368' title='bbox 793 4298 973 4363; x_wconf 78' lang='lat' dir='ltr'><strong>Maastrr‘cbt3</strong></span> <span class='ocrx_word' id='word_1_369' title='bbox 987 4298 1048 4350; x_wconf 73' lang='lat' dir='ltr'><strong>orae</strong></span> <span class='ocrx_word' id='word_1_370' title='bbox 1057 4312 1144 4363; x_wconf 81' lang='lat' dir='ltr'><strong>supra</strong></span> <span class='ocrx_word' id='word_1_371' title='bbox 1153 4311 1183 4362; x_wconf 86' lang='lat' dir='ltr'><strong>p.</strong></span> <span class='ocrx_word' id='word_1_372' title='bbox 1194 4298 1236 4363; x_wconf 79' lang='lat'><strong>21,</strong></span> 
     </span>
     <span class='ocr_line' id='line_1_49' title="bbox 106 4368 762 4435; baseline 0 -14"><span class='ocrx_word' id='word_1_373' title='bbox 106 4368 269 4423; x_wconf 75' lang='lat' dir='ltr'><strong>coronator</strong></span> <span class='ocrx_word' id='word_1_374' title='bbox 283 4384 428 4435; x_wconf 78' lang='lat' dir='ltr'><strong>perperam</strong></span> <span class='ocrx_word' id='word_1_375' title='bbox 446 4368 479 4421; x_wconf 84' lang='lat' dir='ltr'><strong>de</strong></span> <span class='ocrx_word' id='word_1_376' title='bbox 502 4368 610 4422; x_wconf 81' lang='lat' dir='ltr'><strong>Utrecht</strong></span> <span class='ocrx_word' id='word_1_377' title='bbox 628 4368 762 4434; x_wconf 77' lang='lat' dir='ltr'><strong>copitavit.</strong></span> 
     </span>
    </p>
   </div>
   <div class='ocr_carea' id='block_1_9' title="bbox 1032 4466 1069 4522">
    <p class='ocr_par' dir='ltr' id='par_1_9' title="bbox 1032 4466 1069 4522">
     <span class='ocr_line' id='line_1_50' title="bbox 1032 4466 1069 4522; baseline 0 -24"><span class='ocrx_word' id='word_1_378' title='bbox 1032 4466 1069 4522; x_wconf 67' lang='grc'><strong>3*</strong></span> 
     </span>
    </p>
   </div>
   <div class='ocr_carea' id='block_1_10' title="bbox 0 0 1438 4906">
    <p class='ocr_par' dir='ltr' id='par_1_10' title="bbox 0 0 1438 4906">
     <span class='ocr_line' id='line_1_51' title="bbox 0 0 1438 4906; baseline 0 0"><span class='ocrx_word' id='word_1_379' title='bbox 0 0 1438 4906; x_wconf 95' lang='lat' dir='ltr'><strong> </strong></span> 
     </span>
    </p>
   </div>
  </div>
 </body>
</html>
