2850 4906
222 272 257 326 44
446 270 560 326 GESTA
578 270 755 326 ABBATUM
773 271 1135 327 FONTANELLENSIUM.

224 424 321 503 biter,
358 425 413 508 qui
450 423 509 488 sub
545 425 614 487 eius
649 431 793 506 ternpore
829 424 889 489 hoc
924 426 957 489 in
993 425 1148 490 coenobio
1186 424 1361 488 clericatus

225 511 365 660 suscepift
395 509 552 575 habitum.
610 509 727 574 Tenuit
762 516 869 575 autern
905 510 1001 575 huius
1037 509 1184 576 coenobii
1214 509 1360 592 regimen

224 617 317 659 annis
354 617 440 660 erme
464 617 527 659 sex.

493 837 540 930 lb.
578 840 695 904 Gesta
724 837 895 902 Widonis
924 835 1087 901 abbatis.

311 974 406 1036 Wido
434 974 536 1038 laicus
564 996 602 1038 ex
628 996 710 1058 pago
734 974 918 1052 Oximcnse,
948 979 1041 1056 patre
1063 971 1185 1035 Irmino
1216 973 1358 1047 nomine,

225 1065 328 1122 matre
364 1059 542 1138 Witbolda,
584 1067 779 1124 camerarius
815 1059 982 1123 Teutsindi
1019 1057 1180 1140 quondam
1217 1057 1358 1132 abbat-is,

226 1146 359 1226 eiusque
396 1145 455 1208 sub
492 1167 569 1209 cura
605 1147 761 1210 educatus
797 1152 854 1212 est.
912 1145 972 1208 Hic
1008 1143 1234 1207 matriculaml
1272 1143 1360 1208 beati

226 1231 357 1293 Martini
380 1229 576 1295 Turonensis
599 1234 632 1295 in
654 1230 801 1295 beneficii
824 1232 911 1308 iure,
939 1228 1114 1293 Teutsindo
1141 1227 1222 1292 haec
1247 1229 1358 1292 eadem

225 1316 396 1396 largiente,
429 1316 617 1399 aliquandiu
649 1325 723 1400 post
754 1316 875 1380 obitum
908 1316 996 1379 illius
1028 1315 1141 1379 tenuit.
1196 1313 1360 1377 Defuncto

227 1421 301 1464 vero
329 1401 494 1465 Austrullo
526 1410 617 1484 patre
647 1403 833 1465 monasterii
862 1400 1128 1478 Fontanellensis,
1159 1400 1269 1463 statim
1299 1400 1360 1464 iste

226 1485 267 1550 ad
290 1486 447 1568 palatium
471 1488 517 1550 ire
540 1488 736 1561 deliberavit,
760 1487 900 1568 plurima
923 1486 1059 1551 donaria
1077 1486 1149 1549 auri
1168 1485 1360 1567 argentique

227 1593 332 1634 secum
353 1571 510 1650 deferens,
530 1595 612 1655 quae
629 1575 764 1656 Pippino
784 1574 852 1654 regi
871 1594 910 1636 ac
928 1573 995 1635 suis
1015 1571 1210 1635 satellitibus
1230 1571 1359 1646 collata,

226 1664 263 1720 ut
295 1657 476 1736 obtaverat,
511 1658 611 1723 abbas
642 1659 864 1736 constituitur,
898 1679 983 1722 anno
1012 1657 1152 1721 secundo
1183 1661 1360 1739 postquam

228 1742 312 1806 idern
329 1743 484 1825 Pippinus
503 1744 611 1824 regale
631 1746 767 1827 adeptus
785 1744 894 1807 fuerat
912 1743 1087 1824 fastigium,
1112 1743 1167 1824 qui
1186 1747 1236 1806 cst
1255 1763 1361 1806 annus

228 1827 407 1891 dominicae
442 1830 674 1893 incarnationis
710 1831 799 1906 753⁸,
835 1829 1010 1893 indictione
1040 1831 1069 1892 6.
1107 1846 1165 1899 Hoc
1192 1863 1262 1899 anno
1290 1863 1362 1913 papa

227 1914 377 1981 Stephanus
401 1916 475 1968 venit
501 1916 533 1969 ab
559 1916 625 1970 urbe
649 1918 735 1970 Roma
759 1917 787 1969 in
805 1916 970 1978 mantiam,
998 1918 1026 1968 et
1043 1914 1250 1976 CarlomannuS,
1276 1914 1362 1968 frater

227 1983 345 2050 Pippini,
364 1984 528 2050 pastillum,
547 1989 575 2038 et
592 1985 643 2038 filii
660 1985 792 2052 praedicti
809 1985 1000 2038 Karolomanni
1019 1983 1120 2037 attonsi
1139 1986 1210 2045 sunt,
1229 1985 1259 2036 et
1276 1981 1363 2035 frater

228 2052 356 2119 Pippinib
379 2053 478 2105 occisus
497 2056 546 2107 est.
591 2051 657 2116 Sub
684 2054 780 2117 buius
802 2059 958 2133 tempore,
986 2051 1020 2114 id
1050 2057 1100 2115 est
1129 2071 1214 2113 anno
1243 2057 1362 2133 quarto

228 2136 392 2218 regiminis
420 2137 470 2201 sui
497 2146 530 2200 et
552 2138 680 2220 Pippini
706 2139 790 2220 regis
820 2139 944 2220 quinte,
974 2136 1062 2201 beati
1085 2135 1173 2200 Petri
1202 2135 1362 2199 aecclesia

228 2223 301 2304 igne
325 2243 479 2286 succensa
502 2229 562 2302 est;
587 2245 683 2305 quam
706 2225 775 2306 ipse
797 2244 867 2286 cum
890 2222 1053 2286 adiutorio
1072 2222 1174 2304 regali
1192 2221 1226 2285 in
1244 2221 1362 2285 maiori

229 2308 384 2389 eligantia
405 2311 568 2389 reparavit
591 2308 833 2391 sublimiorique
856 2308 981 2372 fabrica
1003 2307 1174 2373 decoravit.

315 2392 381 2458 Sub
416 2394 512 2458 huius
549 2396 646 2458 etiam
682 2394 881 2474 temporibus
912 2394 1071 2476 plurimae
1101 2413 1152 2456 res
1183 2392 1362 2457 aecclesiae

227 2480 405 2562 perierunt,
437 2500 518 2560 quas
547 2481 616 2562 ipse
643 2481 742 2562 regiis
764 2478 948 2543 hominibus
972 2479 1013 2543 ad
1036 2477 1266 2561 possidendum
1288 2497 1361 2541 con-

228 2564 373 2642 tradidit,
397 2564 581 2629 miserabile
604 2565 666 2630 sibi
684 2566 806 2630 faciens
825 2565 1018 2642 memoriale,
1043 2586 1125 2647 quae
1144 2584 1246 2646 usque
1266 2561 1362 2627 hodie

229 2650 268 2713 de
291 2649 432 2714 ciusdem
457 2651 603 2715 coenobii
626 2651 801 2715 ditionibus
823 2656 1013 2734 permanent
1035 2649 1174 2714 ablatae.
1212 2648 1275 2711 Pro
1297 2670 1362 2731 qua

230 2736 326 2801 etiarn
352 2737 520 2800 occasione
544 2743 649 2801 status
670 2738 801 2819 regulae
824 2737 1003 2818 periclitari
1022 2735 1135 2818 coepit,
1158 2733 1199 2798 ob
1218 2735 1361 2817 inopiam

229 2821 376 2886 videlicet
399 2823 704 2903 compescendarum
726 2823 987 2903 indigentiarum,
1010 2842 1091 2903 quas
1113 2820 1228 2884 beatus
1249 2827 1364 2903 pater⁰

230 2907 421 2971 Benedictus
455 2909 488 2971 in
515 2909 625 2973 eadem
652 2909 721 2991 lege
751 2908 915 2972 monachis
945 2906 1156 2989 porrigendas
1186 2907 1361 2988 praecepit.

230 2993 290 3056 Hic
314 2994 410 3056 etiarn
433 2994 610 3057 aecclesiae
633 2993 810 3058 ditionibus
833 2993 956 3056 dimisit
974 3013 1102 3075 capsam
1121 2991 1362 3072 euangeliorum

229 3083 391 3160 paratam,
420 3099 515 3160 quam
543 3079 611 3161 ipse
634 3079 789 3144 fabricari
811 3079 952 3143 iusserat
975 3099 1045 3142 curn
1068 3097 1148 3142 auro
1172 3083 1204 3141 ct
1226 3081 1362 3158 argento

230 3184 268 3227 ac
299 3163 444 3246 gemmis,
477 3186 587 3244 unam,
626 3165 757 3229 calicem
796 3170 983 3247 argenteum
1019 3163 1210 3227 deauratum
1247 3182 1362 3237 uuum,

230 3270 343 3313 urceos
371 3249 604 3314 Alexandrinos
632 3272 702 3314 cum
730 3248 990 3333 aquamanilibus
1018 3248 1110 3326 duoS,
1140 3268 1240 3310 cornu
1262 3246 1363 3311 fabri-

230 3339 339 3398 catum
372 3357 484 3413 unum,
521 3336 670 3418 pulvillos
706 3337 826 3400 sericos
857 3335 916 3399 sub
947 3334 1167 3416 euangeliurn‘1
1196 3332 1363 3415 ponendos

230 3427 309 3499 tres,
339 3421 482 3484 turibula
505 3427 657 3504 argentea
679 3421 757 3500 duc,
782 3420 973 3503 hanappos3
996 3425 1163 3501 argenteos
1187 3418 1363 3482 deauratos

231 3506 327 3583 duos,
357 3505 563 3571 dalmaticam
592 3529 703 3585 unam,
735 3507 862 3571 casulas
892 3507 1011 3569 sericas
1042 3506 1196 3588 quinque,
1232 3503 1362 3568 tabulas
1411 3547 1414 3551 ψ

230 3592 406 3656 fabricatas
428 3600 503 3657 ante
527 3594 645 3657 altaria
669 3600 750 3661 octo,
774 3592 874 3672 pallia
896 3592 969 3668 tria,
992 3591 1097 3673 pallas
1121 3587 1362 3669 corporalium⁴

231 3679 381 3761 quinque,
400 3679 663 3761 antiphonarium
682 3677 897 3741 Turonensis⁰
911 3698 1019 3755 unum,
1043 3676 1186 3739 libellum
1206 3673 1245 3736 de
1263 3674 1362 3737 mira-

231 3763 312 3826 culis
347 3765 452 3828 sancti
488 3764 633 3827 Andreae
673 3763 813 3843 apostoli
853 3784 961 3828 unum.
1025 3763 1104 3825 Erat
1140 3761 1259 3843 quippe
1294 3759 1364 3823 fere

231 3870 349 3931 gnarus
392 3851 585 3927 litterarum3
633 3850 688 3931 qui
735 3848 899 3929 depositus
946 3853 995 3911 est
1034 3847 1247 3927 Petreoponte
1289 3844 1365 3907 villa

230 3995 252 4045 a)
265 3993 401 4043 Decumi,
413 3995 508 4033 radendo
521 4005 574 4032 corr.
589 3992 725 4042 Dccrgur.
778 3993 801 4040 b)
815 3991 896 4041 Grlppo
909 3992 960 4032 add.
975 3992 1023 4031 edd.
1076 3991 1097 4041 c)
1111 3992 1153 4029 alio
1166 3991 1280 4028 utrumme
1289 4000 1365 4038 cupra·

230 4049 361 4095 scriptume.
419 4045 442 4095 d)
460 4049 572 4094 euang†c.
626 4044 647 4094 e)
667 4045 733 4082 addc:
754 4045 869 4083 ccclesiae.

233 4158 258 4221 1)
276 4161 384 4211 Domus
397 4156 502 4209 alendis
512 4157 690 4223 puaperibus.
753 4158 779 4220 ⁶2)
805 4157 871 4210 Vide
883 4155 1086 4220 ,lapid-Eccum,
1106 4155 1172 4220 Req.
1188 4159 1264 4219 pont.
1284 4151 1363 4206 Rom.

228 4241 257 4291 p.
271 4227 330 4278 272.
344 4227 404 4279 273.
472 4223 499 4287 3)
523 4225 583 4289 Vas,
597 4231 709 4290 patena,
729 4225 890 4278 Germanice
907 4222 978 4289 napf.
1053 4222 1080 4286 4)
1100 4223 1183 4274 Palla
1200 4237 1256 4287 qua
1274 4219 1363 4273 sacri·

231 4294 323 4359 ficiam
341 4292 489 4360 contegitur
505 4294 535 4345 ia
553 4293 644 4346 altari.
