2850 4906
320 284 435 339 essm
454 284 629 339 ABBATUM
647 284 1011 340 FONTANELLENSIUM.
1194 285 1227 338 41

60 520 63 523 ¹
95 437 250 500 comitem
284 437 454 515 accedunt,
487 460 555 502 rem
586 460 700 503 novam
730 439 889 522 pandunt,
922 439 1031 519 sicque
1062 459 1127 500 una
1156 458 1229 500 cum

95 523 217 586 comite
243 523 411 605 religiosos
438 544 583 606 quosque
613 525 697 588 viros
723 546 761 588 ac
788 523 961 588 sacerdotii
988 523 1145 604 dignitate
1168 522 1228 586 fnl-

95 613 208 690 gentes
231 608 273 671 ad
296 608 357 673 hoc
379 609 561 673 inauditum
584 611 803 690 spectaculum
825 611 973 675 invitant.
1011 609 1073 685 Qui
1095 610 1228 692 propius

95 693 296 772 accedentes,
320 716 393 758 cum
412 695 527 775 grandi
544 716 673 777 pavore,
692 694 754 759 fide
774 705 881 759 tamen
901 695 1027 771 maiori,
1052 695 1229 776 inspiciunt

94 780 130 841 in
152 779 254 844 latere
277 779 421 844 eiusdem
444 781 620 844 turriculae
643 780 815 845 hostiolam
836 802 908 845 sera
927 779 1099 846 firmatum.
1136 779 1226 855 Quod

94 873 276 929 reseratum
297 866 566 949 introspicientes,
589 874 799 949 reppererunt
816 865 957 930 codicem
976 865 1227 948 pulcherrimum

13 950 17 956 ’
95 955 253 1033 quattuor
293 951 459 1032 euangelia
495 954 724 1030 coutinentem,
759 953 904 1016 Romana
939 950 1067 1015 littera¹
1111 952 1229 1032 optime

95 1037 267 1116 scriptum,
305 1036 499 1101 membranis
529 1038 748 1101 mundissimis
787 1038 985 1120 honestaque
1019 1036 1123 1100 forma
1155 1056 1227 1098 con-

94 1121 230 1200 sectum,
257 1123 348 1186 iuxta
374 1144 469 1205 quem
492 1125 659 1187 inveniunt
681 1132 713 1187 et
736 1142 878 1206 capsam;
912 1143 1008 1205 quam
1036 1123 1229 1202 aperientes,

95 1213 308 1290 reppererunt
335 1214 461 1290 partem
492 1231 531 1272 ex
559 1210 792 1292 pretiosissima
820 1209 952 1272 maxilla
981 1207 1068 1271 beati
1097 1207 1228 1288 Georgii

95 1293 251 1376 martyris
270 1313 342 1357 cum
361 1294 435 1357 aliis
454 1295 600 1376 plurimis
619 1295 804 1376 pigneribus
821 1294 1017 1358 diversorum
1033 1299 1227 1374 sanctorum,

95 1381 228 1461 insuper
257 1378 416 1442 salutiferi
445 1380 524 1461 ligni
553 1379 732 1447 dominicae
764 1381 878 1446 crucis,
930 1379 1023 1455 Quod
1052 1379 1085 1441 iu
1115 1379 1227 1442 eadem

94 1484 197 1544 capsa
222 1464 340 1528 litteris
373 1466 558 1546 singillatim
589 1466 785 1530 declaratum
818 1471 895 1530 erat.
942 1464 1081 1544 Deinde,
1108 1464 1228 1529 indicto

95 1550 227 1628 ieiunio,
251 1549 330 1632 quid
352 1550 511 1631 agendum
535 1553 586 1630 sit,
610 1550 798 1616 deliberant.
836 1551 973 1632 Expleta
996 1572 1135 1633 namque
1158 1552 1228 1631 ipso

56 1713 58 1716 Α
95 1636 230 1714 ieiunio,
254 1635 437 1718 plaustrum
460 1645 670 1720 praeparant,
699 1639 750 1701 cui
773 1636 975 1717 praedictum
998 1636 1105 1700 farum
1128 1639 1229 1719 impo-

95 1726 220 1800 nerent,
240 1729 276 1784 ut
294 1741 357 1803 quo
379 1722 505 1787 Domini
524 1723 716 1787 decrevisset
735 1724 882 1787 voluntas
901 1722 1106 1804 perferretur.
1143 1723 1228 1785 Dua-

94 1807 158 1871 bus
185 1827 311 1890 quoque
337 1809 443 1872 vaccis
466 1808 569 1873 eidem
596 1808 741 1891 plaustro
763 1808 939 1891 applicitis,
967 1811 1083 1871 summi
1107 1807 1229 1872 Arbitri

94 1891 380 1976 praestolabantur
406 1900 528 1958 nutum.
574 1895 640 1958 Nec
669 1916 772 1974 mora,
803 1893 933 1976 eaedem
960 1913 1076 1957 vaccae
1105 1894 1229 1957 concito

95 1977 199 2060 gradu
223 1979 387 2061 cumipse
411 1979 566 2059 plaustro,
590 1980 717 2063 populis
741 1978 986 2059 expectantibus
1005 1986 1102 2060 atque
1120 2000 1229 2059 prose-

96 2062 285 2146 quentibus,
321 2066 389 2127 sine
422 2064 553 2128 ductore
585 2087 623 2129 ac
656 2065 753 2128 ullius
785 2064 919 2128 bubulci
950 2064 1228 2128 administratione

96 2149 139 2212 ad
162 2170 235 2214 eum
258 2148 362 2212 locum
386 2152 442 2232 qui
460 2172 562 2233 usque
581 2173 665 2215 nunc
686 2149 839 2214 Brutius2
858 2155 990 2213 vocatur
1006 2156 1228 2232 pervenerunt.

182 2235 264 2298 Erat
286 2241 394 2298 autem
416 2239 577 2318 possessio
601 2237 766 2301 cuiusdam
790 2235 926 2300 illustris
949 2236 1018 2301 riri.
1064 2233 1113 2297 Ibi
1140 2256 1229 2298 nam-

95 2341 158 2403 que
181 2326 217 2383 ut
241 2320 397 2384 aecclesia
420 2328 662 2386 construeretur
683 2322 715 2385 in
738 2321 859 2385 honore
882 2321 968 2384 beati
992 2319 1120 2402 Georgii
1143 2342 1228 2384 mar-

95 2406 191 2487 tyris,
225 2405 373 2470 omnibus
403 2406 537 2489 placuit3
571 2429 676 2472 comes
704 2414 811 2471 tamen
838 2405 1023 2489 praedictus
1050 2407 1172 2489 primus
1195 2407 1227 2468 in

95 2493 158 2554 hoc
172 2492 300 2573 negotio
315 2499 394 2569 erat,
414 2494 470 2575 qui
488 2515 552 2557 una
571 2516 642 2557 curn
660 2494 788 2576 populis
803 2492 865 2556 sibi
880 2491 1016 2556 subditis
1034 2491 1178 2554 condidit
1195 2493 1228 2554 in

96 2575 211 2640 eodem
229 2577 298 2640 loco
316 2576 483 2642 basilicam
502 2580 535 2642 in
553 2580 673 2643 honore
686 2579 775 2643 beati
790 2579 917 2660 Georgii
932 2578 1093 2661 martyris.
1125 2577 1228 2641 Duae-

96 2683 158 2744 que
172 2661 258 2726 aliae
272 2664 456 2741 aecclesiae,
475 2662 509 2735 id
527 2672 577 2728 est
594 2686 659 2728 una
676 2666 709 2728 in
729 2664 847 2728 bonore
862 2664 1084 2728 sanctissimae
1099 2663 1228 2726 *matris
1242 2674 1276 2725 *a
1286 2677 1330 2714 28⁹·

98 2754 337 2830 perpetuaeque
363 2750 496 2830 virginis
524 2751 661 2828 Mariae,
690 2751 793 2814 altera
820 2751 853 2812 iu
881 2755 1012 2814 sanctae
1040 2748 1152 2812 Crucis
1179 2754 1230 2812 est

96 2832 259 2896 fabricata
282 2835 497 2914 veneratione;
525 2835 595 2913 ubi,
623 2841 808 2918 praestante
831 2835 939 2898 diviua
962 2835 1144 2912 clementia,
1173 2835 1229 2899 ob-

96 2925 189 2982 tentu
212 2925 405 2999 sanctorum,
429 2942 564 3002 quorum
587 2922 721 3004 pignera
739 2922 959 2984 sacratissima
978 2941 1050 2983 cum
1068 2919 1229 3003 particula

96 3004 232 3086 pretiosi
267 3005 382 3087 capitis
417 3007 519 3070 sancti
553 3008 706 3088 martyris
736 3005 858 3070 Christi
891 3006 1021 3088 Georgii
1051 3013 1228 3083 servantur,

98 3095 194 3154 tanta
216 3088 297 3153 fiunt
320 3091 487 3173 usquead
509 3113 663 3175 praeseus
686 3091 854 3170 miracula,
886 3100 931 3170 ut,
954 3092 1018 3155 nisi
1040 3113 1060 3155 a
1082 3091 1229 3155 fidelibus

97 3177 153 3259 qui
189 3184 347 3239 noverunt
373 3175 546 3242 Dominum
583 3178 738 3260 plurimas
775 3177 807 3239 in
844 3177 965 3240 sanctis
1002 3179 1068 3240 suis
1101 3179 1229 3260 operari

96 3262 249 3341 virtutes,
279 3260 374 3325 fidem
402 3263 567 3328 excedant.
617 3263 677 3327 Est
704 3267 814 3326 antem
843 3263 929 3326 idem
955 3263 1043 3326 vicus
1074 3263 1107 3326 in
1134 3261 1229 3325 ardui

98 3347 219 3410 montis
241 3346 419 3428 planiciae⁸
440 3350 530 3427 situs
555 3349 607 3411 cui
629 3348 670 3412 ab
693 3347 830 3412 australi
852 3348 948 3431 plaga
970 3346 1083 3412 fluvius
1102 3347 1230 3411 adiacet

98 3433 153 3514 qui
182 3438 316 3495 vocatur
346 3433 478 3512 Undua,
510 3434 633 3498 distans
663 3434 704 3497 ab
736 3454 774 3496 eo
805 3432 875 3496 loco
903 3433 993 3496 milia
1022 3433 1093 3515 plus
1122 3433 1228 3496 minus

98 3517 172 3580 duc.
217 3517 404 3583 Turriculae
423 3528 530 3583 autem
551 3520 637 3583 illius
657 3520 803 3596 formam,
826 3521 941 3601 inqua
960 3518 1132 3582 haeederu³
1153 3518 1227 3580 reli-

97 3603 192 3685 quiae
216 3603 363 3666 conditae
387 3611 487 3682 eraut,
512 3606 588 3688 quia
610 3605 684 3682 vidi,
709 3607 805 3668 etiam
830 3603 993 3686 descripsi.
1038 3604 1098 3667 Est
1119 3609 1227 3666 autem

98 3689 221 3751 formae
257 3688 449 3770 quadratae,
487 3711 526 3753 ex
562 3696 716 3772 quattuor
751 3689 899 3753 videlicet
934 3688 1060 3770 angulis
1092 3688 1133 3752 ab
1164 3688 1228 3751 imo

98 3794 281 3855 assurgens,
306 3782 338 3837 et
358 3775 405 3838 ita
425 3796 505 3858 opus
524 3796 617 3839 omne
636 3775 794 3857 paulatim
813 3774 985 3838 minuendo
1004 3775 1037 3836 in
1055 3773 1228 3837 latitudine

98 3860 131 3921 in
154 3880 279 3922 summo
303 3868 474 3940 angustum
497 3860 656 3939 redditur,
686 3868 722 3924 ut
748 3860 940 3943 piramidum
963 3859 1077 3923 reddat
1099 3860 1133 3921 in
1156 3858 1228 3922 alti-

98 3943 211 4008 tudine
243 3946 401 4027 uniusque
436 3946 512 4010 mali
545 3947 636 4029 parvi
672 3946 875 4010 conclusione
904 3944 1071 4008 solidetur.
1122 3943 1230 4007 Habet

99 4050 225 4112 quoque
244 4031 278 4092 in
296 4031 400 4094 medio
420 4032 470 4095 sui
487 4032 682 4111 solariolum,
701 4033 734 4094 iu
753 4052 816 4113 quo
835 4029 935 4094 codex
952 4030 1005 4093 ille
1024 4029 1228 4111 euangelicos

98 4135 171 4177 cum
194 4136 292 4198 capsa
314 4116 370 4178 illa
394 4117 597 4194 servabatur,
628 4118 680 4180 cui
710 4117 846 4199 desuper
874 4123 984 4197 aptum
1012 4122 1061 4179 est
1086 4116 1227 4197 laquear.

98 4223 161 4272 slsis
174 4237 193 4263 c.

102 4298 126 4365 1)
145 4301 187 4367 Of.
205 4319 292 4371 sopra
306 4320 335 4371 p.
350 4306 392 4370 38,
411 4322 437 4358 u.
452 4307 476 4357 2.
546 4303 572 4369 2)
592 4305 672 4357 Bria.
