2850 4906
245 271 279 326 50
466 267 582 324 GESTA
601 266 776 323 ΑΒΒΑἹἮΜ
793 265 1152 323 ronranutnunsmn.

246 422 433 488 coenobium
460 423 524 487 duo
551 423 617 486 alia
643 423 683 485 ad
707 424 878 506 regendum
906 423 946 486 ab
968 424 1177 487 invictissimo
1201 422 1318 488 Carolo
1339 425 1368 487 ei

246 509 414 573 commissa
445 509 574 572 fuerant
604 508 770 589 coenobia,
807 531 905 572 unum
938 509 1022 593 quod
1054 515 1102 572 est
1139 511 1235 574 situm
1272 531 1367 594 prope

246 616 353 659 muros
375 595 463 658 urbis
485 595 650 659 Remensis
673 595 705 657 in
732 595 851 659 honore
874 596 978 658 sancti
1001 594 1082 659 Sixti
1111 596 1207 676 primi
1228 596 1369 661 eiusdem

246 681 335 745 urbis
356 679 512 763 praesulis
540 687 757 745 constructum
788 687 819 744 et
848 686 897 745 est
919 680 958 744 de
986 681 1107 744 ditione
1130 681 1275 745 eiusdem
1297 683 1369 746 civi-

247 767 336 845 tatis,
367 766 503 831 alterum
532 767 566 828 in
595 767 757 830 territorio
781 766 983 831 Catalaunici
1012 767 1123 845 castri,
1154 788 1217 849 quo
1240 774 1369 832 sanctus

246 853 413 935 episcopus
450 852 630 916 Mimmius¹²
665 872 797 935 corpore
842 853 979 936 quiescit
1021 853 1180 918 humatus.
1246 852 1370 929 Quibus

247 939 395 1016 desertis,
418 938 633 1002 Flaviacensis
655 944 763 1002 rector
785 940 991 1003 constituitur
1013 959 1096 1002 anno
1120 959 1218 1020 supra
1240 941 1369 1022 scripto.

245 1025 425 1102 Praeterea,
440 1024 515 1087 dum
529 1023 730 1106 praedictum
744 1023 926 1088 Flaviacurn
941 1026 1011 1089 iure
1020 1025 1159 1108 precarii
1173 1045 1211 1088 ac
1224 1023 1370 1089 beneficii

246 1116 382 1188 teneret,
425 1111 522 1174 etiam
563 1116 694 1173 exactor
735 1131 866 1192 operum
905 1110 1060 1193 regalium
1099 1111 1133 1174 in
1175 1111 1370 1195 Aquisgrani

246 1197 367 1277 palatio
397 1197 484 1278 regio
515 1196 574 1260 sub
603 1195 766 1260 Einhardo
795 1195 928 1274 abbate,
959 1198 1026 1261 viro
1056 1196 1268 1279 undecunque
1298 1197 1370 1263 doc-

246 1283 384 1359 tissim0‚
413 1303 432 1346 a
458 1282 574 1346 domno
603 1302 676 1363 rege
703 1282 896 1346 constitutus
924 1288 973 1345 est
982 1281 1002 1347 ¹.
1052 1282 1144 1359 Quod
1171 1282 1370 1347 nobilissime

248 1367 492 1447 administravit,
523 1375 621 1449 atque
650 1368 683 1430 in
707 1369 829 1430 cunetis
858 1367 1008 1450 operibus
1038 1369 1104 1432 suis
1130 1366 1308 1450 prudenter
1338 1389 1370 1432 se

248 1453 372 1535 agebat.
430 1453 581 1517 Plurimis
621 1473 694 1516 vero
734 1453 875 1517 eiusdem
911 1455 997 1537 regis
1032 1455 1121 1517 iussu
1156 1454 1370 1536 legationibus

248 1539 466 1603 strenuissime
492 1538 621 1602 functus
643 1545 700 1602 est.

335 1642 463 1705 Interea
503 1641 651 1705 defuncto
687 1640 805 1725 Magno
844 1643 965 1707 Karolo
1004 1644 1197 1724 imperatore
1233 1650 1370 1726 augusto

248 1728 338 1792 divae
356 1728 536 1807 memoriae,
553 1727 758 1805 Hludovicus,
778 1730 846 1792 eius
864 1728 959 1809 filius,
983 1731 1015 1793 in
1035 1729 1204 1812 imperium
1218 1729 1370 1797 elevatur.

248 1816 275 1877 A
304 1835 366 1896 quo
395 1813 479 1877 idem
508 1813 644 1877 domnus
673 1815 840 1896 Ansigisus
868 1815 1035 1897 magnifiee
1064 1815 1216 1879 honorari
1242 1818 1369 1879 meruit.

250 1901 339 1963 Anno
371 1899 508 1981 denique
538 1900 664 1982 imperii
693 1901 742 1963 sui
771 1902 800 1964 4.
830 1899 1035 1979 Luxovium2‚
1067 1900 1226 1965 famosum
1256 1899 1370 1965 Galliis

96 1988 161 2028 ΕΜ·
176 1987 233 2025 Am·
251 1985 449 2062 coenobium,
478 1985 518 2049 ad
541 1985 711 2068 regendum
736 1985 882 2050 beneficii
905 1989 974 2051 iure
997 1987 1099 2050 eidem
1122 1988 1264 2051 contulit.
1316 2003 1370 2069 Quo

147 2040 191 2078 m
250 2090 317 2126 anno
331 2072 479 2139 Stephanus
497 2089 567 2140 papa
584 2073 665 2125 tertio
683 2089 772 2127 mense
789 2077 930 2142 postquam
944 2075 1055 2128 Romam
1074 2078 1239 2127 remeaverat
1252 2090 1370 2127 reversus

249 2141 281 2195 de
295 2141 411 2201 Francis,
431 2143 456 2195 8.
468 2141 530 2194 Kal.
546 2142 622 2195 Febr.
640 2141 712 2194 vitae
731 2142 855 2207 decessit;
874 2143 902 2195 in
921 2144 994 2196 cuius
1012 2143 1073 2196 sede
1087 2143 1225 2196 Paschalis
1239 2159 1371 2196 successor

249 2210 370 2264 efficitur.
401 2211 476 2263 Luna
490 2210 601 2277 eclipsin
613 2227 691 2277 passa
705 2213 746 2264 est
759 2210 895 2265 Nonarum
910 2212 1115 2265 Februariarum
1134 2211 1184 2273 die,
1202 2212 1268 2264 hora
1286 2211 1370 2265 noctis

248 2279 369 2332 secunda.
405 2277 570 2332 Abdiraman
592 2296 636 2332 rex
654 2279 857 2333 Sarracenorum
881 2281 984 2349 legatos
1005 2298 1053 2348 pro
1075 2297 1139 2348 pace
1161 2276 1371 2347 Compendium3

249 2348 283 2401 ad
307 2349 493 2414 imperatorem
520 2348 604 2401 misit.
647 2346 698 2411 Qui
725 2347 886 2415 compendio
914 2349 1000 2402 auditi
1028 2353 1056 2402 et
1081 2348 1246 2418 aquisgrani
1273 2349 1370 2402 iterum

248 2418 432 2483 perrexerunt,
457 2420 563 2485 tresque
587 2433 689 2469 menses
707 2416 822 2478 detenti,
848 2419 907 2485 regi
924 2435 969 2472 suo
987 2418 1090 2471 remissi
1108 2421 1177 2471 sunt.
1213 2417 1270 2470 Hoc
1289 2418 1371 2470 etiam

146 2494 179 2542 *μ
190 2495 234 2533 aar,
250 2502 318 2538 anno
336 2485 486 2538 Bernardus
504 2502 548 2538 rex
561 2485 660 2538 Italiae
678 2486 707 2537 in
724 2484 886 2539 deditionem
905 2485 916 2507 *
927 2485 997 2554 apud
1015 2483 1196 2540 Cavillonem4
1214 2485 1370 2552 imperatori

249 2570 276 2606 se
294 2553 415 2606 tradidit.
456 2552 516 2616 Sed
539 2552 590 2615 his
612 2553 749 2631 omissis,
772 2553 814 2616 ad
837 2563 949 2636 coepta
971 2559 1175 2619 revertamur.

334 2659 426 2719 Anno
463 2656 563 2738 igitur
598 2657 724 2737 imperii
761 2656 870 2719 domni
906 2656 1075 2720 Hludovici
1109 2657 1239 2737 augusti
1274 2657 1370 2720 tertio

249 2743 404 2806 Trasarus
427 2749 534 2805 rector
557 2742 653 2806 huius
675 2742 819 2805 coenobii
837 2763 910 2805 cum
931 2743 1061 2806 licentia
1077 2742 1220 2806 eiusdem
1236 2742 1370 2824 impera·

248 2829 327 2891 toris
356 2827 460 2891 locum
489 2849 566 2892 suae
596 2829 772 2891 nativitatis
801 2827 979 2910 repedavit,
1010 2849 1048 2892 ac
1077 2828 1248 2892 Beneventi
1278 2827 1371 2892 Cam-

249 2914 378 2993 paniam
401 2914 591 2995 regrediens,
616 2935 635 2977 a
658 2913 774 2996 Sigone
796 2914 886 2995 duce,
912 2935 1006 2996 quem
1029 2935 1068 2978 ex
1090 2914 1217 2977 lavacro
1241 2919 1370 2977 sanctae

248 3000 497 3080 regenerationis
531 3005 728 3082 susceperat,
764 2997 940 3064 honorifice
976 3007 1141 3081 susceptus
1177 3004 1234 3063 est.
1296 2999 1371 3062 Post

249 3106 342 3167 quem
373 3085 555 3149 Einhardus
584 3085 646 3148 hoc
677 3085 861 3149 coenobium
891 3107 949 3168 per
980 3092 1101 3167 septem
1132 3084 1233 3149 ferme
1264 3084 1371 3148 tenuit

249 3190 358 3233 annos,
405 3170 495 3246 Quod
518 3171 646 3235 demum
670 3171 754 3234 ultro
778 3171 973 3250 derelictum,
1002 3172 1124 3250 divina,
1148 3177 1184 3233 ut
1205 3169 1295 3234 credi
1322 3169 1370 3233 fas

249 3262 305 3333 est,
329 3257 468 3320 iussione
487 3277 523 3320 ac
541 3257 761 3339 gloriosissimi
784 3257 987 3340 imperatoris
1009 3257 1178 3320 Hludovici
1200 3255 1370 3337 largitione

249 3341 384 3405 domnus
403 3343 575 3424 Ansegisus
598 3342 640 3406 ad
662 3342 904 3424 gubernandum
928 3343 1069 3424 suscepit
1087 3362 1170 3405 anno
1189 3363 1289 3423 supra
1307 3343 1369 3405 iam

248 3433 368 3493 taxato.
434 3428 524 3504 Quod
565 3436 632 3491 tam
675 3428 797 3492 sollerti
836 3428 942 3493 studio
984 3449 1171 3511 summaque
1210 3427 1371 3492 industria

249 3513 444 3589 nobilitavit,
472 3522 508 3578 ut
537 3535 635 3578 novus
657 3514 909 3597 Wandregisilus
936 3514 1023 3578 credi
1047 3520 1155 3596 posset
1189 3518 1246 3577 aut
1273 3514 1370 3578 etiam

248 3620 382 3681 magnus
400 3601 529 3682 praesul
548 3599 725 3663 Ansbertus
743 3600 916 3664 redivivam
935 3601 976 3667 ad
994 3601 1097 3664 lucem
1115 3620 1280 3680 regressus
1303 3598 1370 3662 iore

249 3692 426 3765 putaretur.
465 3686 583 3749 Verum
607 3686 690 3749 sicut
711 3686 759 3749 illi
780 3686 813 3749 in
836 3687 967 3750 exordio
990 3685 1039 3749 sui
1061 3684 1235 3750 aedificiisb
1256 3684 1370 3748 nobili-

249 3778 368 3848 tarunt,
392 3771 509 3834 clerum
530 3778 696 3849 auxerunt,
720 3772 895 3854 disciplinis
914 3772 1159 3836 aecclesiasticis
1178 3771 1369 3846 imbuerunt,

248 3857 295 3920 ita
323 3859 384 3920 iste
406 3857 516 3921 diruta
538 3856 706 3921 emendare
732 3857 855 3921 studuit
883 3878 920 3921 ac
942 3863 1099 3922 vetustate
1126 3863 1318 3939 consumpta
1339 3857 1371 3918 in

249 3943 362 4006 maiori
397 3943 550 4025 eligantia
587 3945 762 4023 reparavit,
801 3945 920 4008 olerum
963 3943 1159 4007 nobilissime
1200 3944 1292 4006 auxit
1336 3961 1371 4004 ac

249 4112 270 4164 a)
283 4115 397 4153 Memmius
412 4116 460 4154 edd.
512 4115 536 4164 h)
549 4117 675 4155 coenobium
688 4116 827 4165 supplendam
842 4127 884 4154 esse
897 4117 987 4156 videtur.

250 4236 274 4299 1)
293 4239 337 4289 De
360 4237 409 4290 boc
430 4239 486 4290 loco
508 4238 544 4302 cf.
564 4238 749 4302 Wattenbncb,
780 4237 929 4292 ‘Deutscbt
953 4237 1020 4300 Gn!
1043 4239 1083 4290 ed.
1098 4239 1121 4291 5.
1138 4238 1163 4302 l,
1178 4254 1207 4304 p.
1225 4237 1283 4298 172,
1303 4253 1330 4289 u.
1345 4235 1369 4286 l.

248 4305 275 4368 2)
293 4305 420 4358 Luaeuil.
484 4307 511 4370 3)
531 4304 692 4375 Oompiipne.
763 4309 790 4371 4>
811 4304 1103 4361 dauon-surmate.
1200 4356 1202 4360 .
