2850 4896
479 1363 866 1455 PRAEFATIO.

592 1604 624 1608 ..-
641 1603 689 1610 7—-

224 1755 322 1848 Gesta
357 1788 571 1848 Romanorum
602 1788 797 1871 pontificum,
834 1799 867 1849 ut
902 1798 979 1850 recte
1015 1789 1236 1849 animadvertit

106 1885 146 1948 G.
159 1887 199 1949 H.
217 1888 308 1950 Pertz
321 1888 346 1954 h.
358 1912 406 1965 m,
425 1912 446 1950 a
460 1890 561 1951 variis
574 1890 752 1951 auctoribus
765 1911 859 1973 usquo
872 1891 915 1952 ad
928 1890 1082 1952 saeculum
1098 1901 1233 1951 octavum

104 1990 212 2051 aoniae
239 1991 363 2051 initium
391 1991 537 2066 deducta,
570 1990 673 2053 Gestis
700 1991 842 2054 abbatum
867 1991 1151 2053 Fontandiensium
1174 1992 1234 2053 ori-

102 2093 204 2175 qinem
219 2093 368 2154 dederunt
380 2091 399 2153 ¹.
429 2092 481 2153 Ad
495 2093 620 2154 illorum
635 2094 714 2155 enim
729 2094 900 2178 ercemplum
916 2096 1081 2156 monachus
1095 2095 1234 2176 quidam,

103 2196 157 2277 qui
175 2217 283 2256 nomen
302 2218 390 2256 suum
408 2197 540 2273 reticuit,
559 2195 843 2275 Foncaatlmsts2,
866 2199 961 2272 iussu,
981 2207 1013 2257 ut
1031 2197 1163 2274 ridetur,
1182 2197 1232 2256 ab·

103 2296 184 2358 batis
199 2296 358 2375 Falconis,
376 2298 458 2359 inter
471 2320 569 2360 annos
584 2299 655 2363 834.
675 2308 703 2360 et
717 2298 788 2363 845.
808 2299 971 2360 historiam
984 2299 1167 2360 monasterii
1184 2299 1235 2358 sui

104 2399 279 2480 composuit,
303 2400 456 2482 incipiens
479 2423 499 2460 a
521 2425 544 2462 s.
574 2400 803 2483 Wandr·e9isilo
821 2399 996 2482 fundatore
1019 2391 1142 2482 eamque
1163 2421 1234 2481 per·

103 2501 215 2561 ducens
237 2522 329 2583 usque
353 2501 396 2562 ad
419 2501 566 2584 Anseyisi
587 2501 723 2579 abbatis,
751 2525 780 2566 a.
799 2502 871 2566 833.
894 2500 1042 2584 defuncti,
1067 2511 1234 2563 eatrcmum

103 2602 185 2664 diem
194 2599 217 2667 3.
275 2601 342 2664 Uno
369 2604 528 2686 eodemque
555 2604 676 2665 calamo
704 2615 798 2667 totum
826 2626 900 2687 opus
928 2603 1097 2665 absolutum
1118 2602 1233 2684 fuisse,

102 2727 140 2766 eor
167 2727 200 2766 eo
220 2714 315 2788 patet,
342 2707 424 2789 quod
446 2716 474 2768 et
500 2707 653 2769 institutio
680 2708 745 2769 eius
766 2717 794 2770 et
815 2707 972 2770 scribendi
993 2729 1087 2790 oenus
1110 2706 1234 2787 otiaque

101 2818 264 2890 praeterea
287 2808 460 2870 certissima
483 2809 605 2870 indicia
624 2810 748 2872 eandem
768 2810 876 2893 ubique
895 2819 1049 2871 auctorem
1065 2805 1232 2892 procurat

105 2910 164 2972 Cui
186 2911 308 2993 quidem
327 2913 491 2974 sententiae
511 2911 580 2989 loci,
604 2914 713 2994 quibus
730 2923 838 2975 auctor
856 2912 894 2974 de
916 2934 946 2974 se
968 2913 1036 2994 ipso
1053 2912 1233 2972 mentionem

102 3013 207 3073 iniicit
230 3011 543 3096 (c.1.4.8.14.15)
565 3024 745 3098 conaruunt,
766 3024 891 3098 practer
912 3036 1016 3091 unum,
1039 3035 1097 3096 quo
1120 3011 1159 3094 (c.
1179 3011 1232 3093 13)

102 3115 139 3176 de
163 3114 321 3177 Wandone
349 3138 431 3177 anno
454 3116 526 3180 756.
550 3115 694 3199 defuncto
720 3116 888 3194 disseram,
914 3119 1076 3177 testantur
1101 3113 1233 3194 plurimi

102 3217 157 3296 qui
175 3215 266 3278 illum
280 3216 429 3279 viderunt
447 3218 548 3295 addit,
567 3219 649 3300 quod
663 3229 740 3281 certe
758 3229 813 3280 aut
830 3242 868 3281 cc
885 3218 978 3280 ueteri
995 3217 1106 3299 aliqua
1119 3218 1233 3279 notitia

102 3343 164 3402 qna
190 3342 263 3382 usus
289 3321 330 3381 sit
356 3321 594 3402 transcriptum,
622 3332 676 3383 aut
701 3322 738 3384 de
765 3322 891 3404 scriptis
917 3319 1098 3383 testimoniis
1120 3319 1233 3381 intelli-

101 3422 233 3505 9endum
251 3423 326 3485 est5.
372 3422 512 3485 Notitiae
531 3446 599 3485 vero
617 3424 654 3486 de
668 3424 803 3486 Falcone
821 3433 849 3486 et
863 3422 1056 3484 Hcrimberto
1071 3420 1233 3484 abbatibus

102 3525 189 3606 operi
211 3525 350 3586 adiectae
372 3535 528 3587 auctorem
548 3526 687 3608 produnt
708 3549 730 3587 a
753 3536 855 3588 nostro
877 3526 1041 3587 diuersum.

102 3711 127 3773 1)
147 3713 241 3766 Totam
259 3713 315 3777 fere
333 3712 440 3765 Perteii
453 3713 661 3778 praefationem,
681 3712 730 3767 SS.
744 3715 787 3779 11,
803 3729 832 3779 p.
844 3714 894 3766 270
909 3729 956 3779 sq,
975 3713 1004 3764 in
1018 3712 1147 3778 proprios
1164 3726 1232 3777 usus

100 3798 251 3861 transferre
267 3813 322 3850 nou
336 3798 528 3862 dubitavimus,
548 3813 608 3850 cum
626 3814 695 3864 quae
712 3804 784 3850 recta
797 3798 866 3849 inibi
877 3798 958 3849 ctiam
972 3812 1045 3848 nunc
1062 3795 1231 3856 ridebantur,

101 3882 196 3934 metius
215 3899 247 3934 ea
267 3884 420 3950 dariusque
438 3883 555 3949 exprimi
572 3900 590 3935 a
607 3883 684 3935 nobis
703 3899 757 3936 non
773 3897 853 3949 posse
868 3886 1038 3948 putaremus.
1095 3880 1121 3943 2)
1140 3880 1232 3932 Locus
1291 3948 1293 3951 Ι

100 3967 163 4019 olim
181 3968 210 4020 in
229 3968 343 4021 dioecesi
358 3968 553 4034 Rotornaacnsi
569 3968 605 4020 ad
624 3967 779 4035 Sequanam
797 3968 874 4032 citior,
892 3967 970 4020 hodie
983 3965 1232 4022 Sciat-Wandritte

101 4054 186 4106 audit.
239 4055 265 4111 3)
288 4053 354 4107 Vide
363 4055 610 4108 commentationem
625 4071 711 4107 meam
723 4055 753 4107 in
763 4053 968 4118 ‘Forschunocu
982 4069 1004 4104 e.
1015 4053 1053 4106 D.
1064 4051 1106 4104 G?
1116 4049 1230 4114 XXVI,

100 4138 170 4202 fasc.
184 4140 208 4191 2.
279 4138 306 4202 4)
326 4138 366 4203 Cf.
385 4140 449 4192 ibid.
519 4141 546 4203 5>
573 4140 659 4192 Verba
673 4156 695 4193 c.
710 4140 750 4192 14.
770 4140 817 4190 aut
835 4137 917 4191 etiam
935 4137 991 4202 ipse
1010 4135 1065 4188 vidi
1086 4137 1122 4190 ad
1139 4137 1230 4190 ooutm

101 4223 197 4277 mentis
214 4229 337 4290 spectare
355 4225 531 4288 manifestum
549 4232 596 4278 est.
