2850 4896
337 298 451 353 Gnsrn
472 298 648 355 ABBATUM
666 296 1027 354 FONTANELLENSIUM.
1216 305 1249 358 13

116 451 260 535 quandlu
283 454 316 515 in
338 453 419 516 urbe
441 454 553 518 tenuit.
596 461 638 515 At
661 479 735 515 vero
758 462 827 528 ipse
850 463 1005 530 egregius
1027 465 1157 518 Domini
1181 465 1248 518 cul·
1264 457 1316 497 ΠΜ·
1331 462 1393 499 ⁰4²»

115 543 167 594 tor
192 539 435 592 districtiorem
460 539 651 592 desiderans
676 539 778 591 vitam
808 539 931 592 heremi
960 542 1102 594 secretis
1133 542 1248 596 ducere
1287 511 1365 550 Μ’

115 608 359 675 mundanosque
384 608 516 675 fugiens
540 624 665 674 semper
691 607 839 669 honores,
867 612 901 660 ut
925 625 993 663 cuni
1019 627 1094 678 rege
1118 608 1248 664 Christo

115 679 281 731 caelestes
308 680 422 742 posset
448 676 567 729 habere
595 693 703 743 gazas,
736 676 817 728 licet
844 690 1013 740 renuens⁸,
1034 679 1072 732 ab
1100 679 1249 732 antefato

115 746 309 812 coangelico
341 745 493 811 episcopo
523 745 772 810 presbiteratus
804 747 853 796 est
888 745 1000 798 ordine
1032 750 1248 800 consecratus,

115 813 241 876 Deinde
259 812 391 874 hortatu
410 812 549 893 praefati
567 812 727 892 praesulis
746 832 784 874 ac
802 813 1037 892 possessionem
1059 820 1166 878 terrae
1184 816 1249 877 lar-

114 899 221 979 giente
236 896 464 975 Erchinoaldo,
486 899 650 978 praefecto
665 896 779 959 domus
793 898 901 976 regiae
916 896 1074 962 Hlodovei
1087 898 1224 963 iunioris
1238 901 1248 943 ¹

113 985 212 1064 regis,
235 982 293 1045 filii
316 982 494 1063 Dagoberti
518 983 768 1064 gloriosissimae
791 983 974 1061 memoriae,
998 984 1059 1047 hoo
1078 984 1247 1048 Fontanel-

113 1068 203 1132 leuse
240 1068 429 1131 coenobium
465 1089 530 1130 una
561 1089 633 1130 oum
664 1068 845 1131 venerando
877 1075 993 1150 nepote
1024 1091 1081 1132 suo
1112 1069 1246 1134 Godone

113 1175 196 1218 novo
220 1174 314 1236 opere
337 1154 518 1217 construxit
528 1152 549 1217 ².

202 1239 283 1303 Erat
302 1245 410 1302 autem
425 1238 606 1320 sepedictus
622 1238 859 1302 Erchinoaldus
879 1241 983 1303 maior
1003 1240 1117 1303 domus
1138 1242 1245 1323 regiae
1256 1242 1292 1308 (ὃ)

115 1326 251 1407 insignis
286 1324 432 1387 bonitate
461 1346 499 1387 ae
534 1324 782 1387 elemosinarum
815 1325 1026 1405 largissimus.
1078 1326 1138 1402 Qui
1173 1334 1246 1408 post

114 1412 287 1488 transitum
303 1409 406 1472 bonae
419 1409 655 1472 recordationis
670 1431 766 1491 saepe
782 1410 841 1473 fati
856 1410 1035 1492 Dagoberti
1049 1413 1134 1493 regis
1153 1433 1246 1493 prae-

113 1495 260 1558 fecturae
279 1495 425 1558 ordinem
443 1517 481 1558 ac
501 1516 611 1558 euram
633 1497 805 1558 maximam
825 1497 915 1577 regni
930 1496 1128 1560 Francorum
1148 1499 1245 1561 etiam

114 1602 187 1644 cum
215 1580 283 1644 filio
311 1581 379 1644 eius
408 1580 572 1643 Hlodoveo
607 1587 639 1643 et
672 1580 823 1666 Bathilde
850 1582 963 1663 regina
995 1583 1148 1646 nobiliter
1179 1605 1246 1646 am-

113 1664 340 1731 ministravit3.
392 1665 458 1730 Sub
485 1667 581 1729 huius
609 1665 766 1730 Hlodovei
794 1668 878 1748 regis
907 1673 1052 1750 ternpore
1078 1670 1244 1750 praefatus

114 1753 267 1834 patritius
299 1753 535 1834 possessionem
562 1773 645 1833 quae
675 1757 809 1815 vocatur
841 1753 1118 1834 Bothmariaoasl,
1147 1776 1245 1837 quam

114 1860 217 1920 nuper
241 1838 424 1919 aquodam
451 1837 580 1900 homine
606 1837 784 1902 Rothmaro
811 1860 869 1920 per
895 1839 1087 1903 venditionis
1113 1841 1245 1903 titulum

114 1931 245 2002 emerat,
268 1923 439 2004 locumque
462 1923 503 1986 ad
527 1923 717 1986 coenobium
742 1924 991 1986 construendum
1019 1926 1117 1988 situm
1143 1946 1243 2007 prope

114 2009 276 2072 civitatem
298 2009 567 2091 Rotomagensem
591 2007 774 2090 quindecim
798 2010 897 2087 milia,
923 2010 956 2071 in
981 2009 1061 2073 valle
1086 2013 1243 2074 amoenis-

114 2096 205 2172 sima,
234 2093 319 2156 saltu
343 2095 432 2156 cuius
455 2093 648 2157 vocabulum
671 2100 720 2156 est
739 2093 980 2157 Gemmeticus⁵
1000 2096 1139 2177 undique
1163 2096 1346 2172 *cir-*pria

114 2179 298 2242 eumdatum
317 2217 355 2225 -ν
376 2180 409 2241 in
427 2201 490 2261 quo
509 2181 595 2242 saltu
612 2179 709 2241 etiam
728 2178 932 2243 aedificatum
951 2186 1000 2243 est
1019 2181 1209 2245 coenobium
1224 2203 1244 2244 a

113 2265 210 2328 beato
228 2265 253 2326 F
255 2265 383 2328 iliberto
405 2265 492 2345 quod
510 2271 644 2328 vocatur
662 2264 895 2327 Gemmeticum
915 2303 955 2312 -
978 2287 1035 2347 per
1051 2267 1244 2329 venditionis

112 2351 242 2414 titulum
262 2349 390 2413 Godoni
409 2351 615 2416 contradidit.
661 2350 730 2426 Quo
750 2352 845 2413 etiam
864 2358 1009 2433 ternpore
1033 2352 1243 2415 fundamenta

113 2436 255 2499 eiusdem
283 2436 451 2500 exordium
479 2436 714 2500 aedificationis
742 2437 916 2517 sumpsisse
944 2437 1133 2519 probantur.
1180 2437 1243 2500 Sed

112 2522 177 2584 ista
206 2520 246 2585 de
274 2522 406 2586 exordio
436 2522 522 2585 illius
552 2522 817 2604 praelibavimus,
855 2544 938 2585 nunc
970 2522 1010 2585 de
1044 2524 1108 2586 situ
1141 2524 1243 2605 ipsius

111 2627 217 2688 pauca
238 2606 412 2671 videamus.

198 2691 284 2755 Situs
315 2693 433 2775 quippe
464 2691 607 2755 eiusdem
637 2693 782 2756 coenobii
812 2692 996 2756 huiusmodi
1027 2694 1130 2757 fertur
1159 2715 1236 2757 esse.
1250 2702 1287 2767 (6)

113 2778 140 2839 A
163 2777 268 2840 tribus
293 2779 376 2840 enim
398 2778 512 2859 plagia,
537 2777 571 2840 id
595 2784 644 2841 est
666 2799 685 2840 a
708 2779 963 2859 septentrionali,
987 2779 1122 2842 occidua
1144 2786 1241 2861 atque

114 2863 258 2943 australi,
282 2864 445 2926 montibus
469 2863 579 2926 arduis
603 2885 641 2927 ac
664 2863 828 2945 frugiferis
852 2862 1011 2945 bachique
1034 2864 1241 2928 fertilissimis

112 2948 263 3031 silvisque
298 2955 347 3013 est
381 2949 523 3012 obsitum
558 2948 735 3012 condensis
793 2949 841 3012 Ab
874 2951 997 3012 oriente
1031 2950 1109 3013 item
1143 2950 1242 3015 habet

111 3035 234 3097 fontem
256 3035 465 3114 uberrimum,
486 3036 540 3116 qui
560 3036 601 3099 ab
625 3041 698 3098 ortu
716 3055 794 3098 suae
813 3035 1008 3098 manationis
1031 3037 1111 3117 perb
1134 3037 1241 3118 spatia

110 3140 265 3202 passuum
283 3120 355 3202 plus
374 3121 518 3184 minusve
536 3121 622 3184 mille
641 3126 858 3184 trecentorum
878 3128 999 3199 manat,
1019 3122 1128 3202 sicque
1145 3143 1241 3185 cursu

112 3227 169 3269 suo
193 3206 329 3287 explete,
352 3207 386 3268 in
409 3205 533 3269 alveum
557 3206 739 3288 Sequanam
762 3205 868 3268 influit
895 3206 936 3269 ad
964 3205 1130 3270 meridiem
1158 3208 1241 3270 eius-

111 3291 182 3354 dem
206 3291 353 3354 coenobii
376 3291 514 3373 plagam.
561 3292 610 3353 Ab
638 3290 803 3354 occidente
830 3292 908 3354 item
935 3291 1049 3355 fluvius
1077 3292 1165 3356 illic⁰
1193 3300 1241 3356 est

111 3375 269 3440 mirabilis
292 3379 325 3439 in
348 3376 527 3460 aquilonali
551 3376 693 3439 eiusdem
721 3377 868 3440 coenobii
890 3377 987 3459 plaga
1010 3377 1050 3440 ab
1079 3378 1143 3439 imo
1166 3400 1241 3460 pro-

111 3461 259 3543 grediens
278 3469 376 3544 atque
393 3463 427 3524 in
446 3462 625 3525 meridiana
639 3461 729 3525 Geon
746 3463 905 3543 praedicti
926 3463 1007 3526 alvei
1025 3462 1187 3543 profunda
1206 3485 1240 3526 se

111 3546 305 3629 demergens.
352 3547 440 3610 Inter
467 3547 547 3611 haec
574 3547 637 3611 duo
667 3548 828 3610 mirabilia
854 3547 1009 3611 flumina6
1036 3555 1130 3628 prata
1157 3549 1240 3611 eius-

112 3631 183 3696 dem
207 3633 354 3696 coenobii
377 3639 452 3696 sunt
475 3654 611 3697 amoena
633 3640 730 3714 atque
752 3634 884 3713 irrigua.
926 3633 1015 3708 Quae
1039 3633 1240 3697 admirabilis

111 3716 338 3800 Wandregisili
361 3724 458 3799 atque
481 3718 653 3782 venerandi
676 3718 804 3800 patroni
822 3719 925 3782 nostri
944 3718 1089 3780 sollertia
1111 3719 1240 3782 inutilia

111 3824 257 3886 quaeque
285 3803 396 3867 ablata
422 3805 542 3867 virecta
575 3805 776 3885 militumque
804 3803 925 3866 Christi
953 3802 1094 3866 eiusdem
1121 3803 1146 3864 F
1148 3810 1239 3866 onta-

109 3889 260 3954 nellensis
284 3890 430 3953 coenobii
453 3890 637 3971 degentium
656 3888 773 3952 sudore
801 3888 869 3951 solo
895 3893 1087 3969 coaequata,
1113 3908 1238 3950 eorum-

110 3990 131 4040 a)
144 4002 255 4031 rennuens
269 4002 322 4030 corr.
337 4002 432 4030 renuens
446 4004 463 4029 c.
530 3990 553 4041 b)
572 3994 624 4030 inter
637 3994 707 4040 peret
721 3992 868 4039 spatiabatur
882 3992 939 4030 verbi
953 3995 1035 4032 lactina.
1102 3991 1123 4041 c)
1141 3992 1185 4038 illi,
1203 3993 1239 4029 sed

109 4045 203 4082 ultimum
216 4045 224 4082 1
237 4046 261 4082 in
274 4054 350 4081 rasura
364 4056 382 4082 c.

111 4113 137 4175 1)
156 4113 199 4165 Ab
219 4114 314 4166 asae.
333 4113 371 4165 cd
388 4112 482 4165 actv.
552 4112 578 4176 2)
599 4111 639 4175 Cf.
664 4112 714 4164 vc.
733 4112 761 4164 S.
781 4111 927 4176 Wucdrcp.
946 4112 1023 4164 c.13.
1093 4111 1120 4176 3)
1139 4112 1238 4165 Frede-

108 4182 183 4246 φανεῖ
194 4181 285 4233 cleron.
300 4198 321 4233 c.
336 4182 376 4233 84.
391 4187 416 4233 et
433 4180 473 4232 91.
533 4179 560 4244 4)
580 4180 747 4233 Auctoribus
761 4179 869 4232 Gallice
887 4178 949 4231 car.
966 4180 1020 4244 XI,
1031 4196 1060 4245 p.
1076 4181 1125 4233 156
1143 4181 1240 4232 melius

109 4249 216 4301 videtur
230 4250 369 4316 tepentium
385 4246 651 4301 ‘Rothmarc'ceasenc'
665 4264 699 4300 ea
711 4248 856 4301 Rctbmcrc'
867 4248 976 4300 nornine
989 4249 1099 4301 dictum.
1145 4249 1172 4313 5)
1186 4248 1237 4301 Ju—

109 4319 213 4384 miepes.
283 4317 309 4380 6)
330 4321 404 4379 occe
421 4317 499 4370 hodie
517 4317 645 4370 dicantar
661 4317 816 4370 Fontenelle
833 4323 858 4370 et
875 4316 998 4380 chpon.
