2850 4896
333 234 448 289 GESTA
468 234 644 289 ABBATUM
662 235 1023 291 FONTANELLENSIUM.
1226 244 1242 295 7

105 411 145 450 eac
176 389 427 472 propinquitate,
467 411 527 472 qua
567 387 663 451 Gesta
702 401 808 453 nostra
851 414 917 453 curn
953 392 1130 456 Annalibus
1164 393 1241 456 Met-

105 490 241 553 tensibus
278 501 304 553 et
342 490 492 553 Chronico
526 490 745 553 Maissiacensi
779 494 941 556 coniuncta
978 495 1068 572 uidit,
1107 518 1145 558 en
1181 519 1240 559 nna

105 593 266 674 eodemque
292 591 383 675 fante
418 593 484 653 iam
517 592 640 675 perdita
669 615 706 654 ea
739 594 892 673 hausisse,
928 597 1068 681 cablepit;
1103 607 1131 660 et
1164 620 1240 680 quae

105 693 307 778 capacissime
334 695 453 778 partim
481 695 625 778 probavit
651 696 827 778 partimque
855 699 1028 781 suspicatus
1050 709 1103 776 est,
1131 700 1239 764 doctis-

105 796 255 858 simorum
277 796 414 858 oirornm
436 806 511 880 post
526 819 593 858 eum
616 797 811 860 scribentium
831 800 1101 882 disquisitionibus
1123 802 1242 864 criticis

96 900 232 980 firmata
251 920 288 960 ea
306 909 374 960 sunt
392 908 420 961 et
442 900 641 982 comprobata
653 900 673 962 ¹.
710 899 833 962 Etenim
856 903 964 964 melior
982 904 1073 966 buius
1095 905 1241 988 temporis

99 1000 242 1082 fontium
265 1001 398 1082 capnitia
420 1011 447 1063 et
465 1001 654 1084 fracmenta
679 1002 850 1064 Annalium
879 1004 1148 1088 Carolinpicorum
1171 1017 1241 1069 ante

106 1112 240 1184 qssatuor
262 1103 386 1165 circiter
409 1102 508 1166 lustra
530 1104 646 1165 detecta
669 1114 749 1166 certo
772 1106 883 1168 certius
905 1129 960 1169 nos
982 1108 1168 1170 docuerunt:
1191 1131 1240 1170 esc-
1278 1094 1279 1097 Ἴ

106 1204 220 1266 stitisse
243 1204 316 1266 olim
339 1205 441 1266 maius
464 1204 637 1266 Annalium
661 1227 750 1289 opus,
779 1207 823 1267 ad
844 1231 960 1270 annum
989 1231 1080 1292 usqsee
1103 1210 1175 1274 805.
1195 1210 1241 1272 uel

107 1307 180 1370 806.
203 1306 391 1387 perductum,
422 1307 508 1368 cuius
533 1329 611 1389 pars
636 1308 728 1390 prior
749 1307 942 1392 Fredeparii
969 1308 1240 1388 continuationem,

104 1408 260 1490 posterior
280 1405 416 1470 Annales
431 1407 649 1470 Lascrissenses
666 1410 808 1471 maiores
823 1434 881 1493 pra
897 1412 1106 1493 fundamento
1124 1414 1240 1492 babuit,

106 1509 221 1570 ultima
243 1532 312 1571 vero
333 1511 500 1593 propriane
523 1533 626 1572 rernm
649 1521 806 1595 pestarurn
829 1515 1044 1576 narrationem
1066 1513 1239 1598 praebuit2.

107 1610 175 1673 Hoc
199 1632 273 1694 apres
291 1611 379 1675 nobis
397 1612 531 1695 ipnotum
553 1622 623 1674 ante
637 1612 738 1676 ocutos
756 1614 897 1678 babuisse
916 1626 1070 1679 auctorem
1093 1627 1240 1695 nostrum,

105 1712 309 1796 manifestum
331 1710 403 1776 est3.

194 1829 356 1916 Sequentes
386 1833 485 1916 ipitur
513 1834 665 1896 rationem
694 1836 729 1897 in
758 1836 885 1899 edendis
916 1835 1106 1900 Germaniae
1131 1838 1241 1900 Monu-

106 1935 217 1998 mentis
246 1935 441 2018 adoptatam,
472 1936 585 1999 litteris
614 1937 785 2000 minoribus
812 1938 1035 2021 imprimendos
1064 1941 1241 2002 curavimus

107 2036 189 2100 locos
214 2060 253 2100 en
270 2037 415 2121 fontibus
437 2037 523 2101 nobis
545 2060 604 2100 non
633 2039 747 2122 ipnotis
769 2040 813 2101 ad
839 2040 962 2102 verbnm
984 2051 1139 2125 sumptas;
1168 2064 1242 2125 qnos
1297 2041 1299 2046 ’

107 2162 179 2202 vero
205 2162 243 2202 en
268 2140 381 2202 eisdem
404 2150 512 2202 auctor
539 2141 685 2224 sumpsit,
714 2141 768 2203 sed
790 2143 924 2225 proprio
951 2143 1076 2228 inpenio
1102 2143 1240 2219 mutavit,

106 2243 154 2305 uel
172 2264 250 2325 quae
268 2265 345 2327 opus
366 2242 521 2324 perditum
541 2242 570 2304 ei
588 2243 807 2326 suppeditavit,
829 2244 942 2306 eisdem
961 2244 1082 2320 litteris,
1107 2245 1160 2307 sed
1178 2245 1240 2307 lon-

105 2343 246 2428 pioribus
267 2344 357 2406 solito
379 2344 493 2427 spatiis
515 2345 714 2423 intermissis,
737 2346 874 2429 exprimi
889 2346 1035 2430 fecimus.

192 2464 311 2541 Pauca,
334 2485 410 2546 quae
433 2462 636 2540 observamus,
657 2464 737 2526 uitia
759 2465 917 2545 sermonis,
942 2465 1034 2528 verba
1056 2466 1240 2548 deponentia

105 2577 138 2628 ut
163 2567 303 2650 passiva,
339 2566 543 2628 intransitiva
569 2576 602 2626 ut
633 2567 801 2629 transitiva
831 2568 959 2645 usitata,
991 2567 1162 2629 accusativi
1189 2566 1240 2628 ab·

105 2668 209 2746 soluti,
235 2668 415 2731 vocabulum
441 2667 511 2730 fore
535 2691 594 2752 pro
622 2689 691 2732 esse
717 2679 912 2752 usurpatum,
944 2669 1075 2753 tempori
1102 2669 1240 2730 auctoris

105 2771 294 2854 imputanda
314 2781 392 2836 sunt.

196 2889 283 2973 Opus
295 2891 433 2973 primurn
446 2912 529 2952 anno
546 2892 641 2966 1659,
660 2900 739 2952 tomo
753 2891 815 2953 III.
834 2889 1000 2974 Spicilepii
1011 2913 1043 2972 p.
1060 2890 1237 2954 leb-248.

105 2992 205 3054 edidit
224 2989 327 3054 Lucas
344 2992 533 3069 Dacberins,
555 2992 648 3056 initio
667 2992 783 3056 duobus
801 2992 1025 3074 manuscriptis
1046 2992 1143 3070 nisus,
1167 3014 1240 3074 qno-

104 3117 176 3156 rum
202 3094 335 3155 aiterum
357 3093 504 3157 ‘libellum
531 3118 628 3157 manu
655 3096 785 3177 antiqua
811 3103 975 3156 enaratum
998 3093 1133 3156 coenobii
1155 3092 1240 3156 Fon·

105 3195 305 3273 tanelbensis’,
330 3195 461 3258 aiterum
485 3198 713 3280 ‘apaprapbnm
730 3195 911 3258 Ducbesnii'
935 3195 1099 3280 siqnificat.
1148 3193 1240 3267 Quis·

108 3321 183 3359 nam
218 3319 289 3360 vero
315 3296 422 3380 fuerit
457 3297 578 3361 bebelius
614 3300 681 3375 iste,
723 3299 935 3362 consideranti
969 3298 1048 3361 mibi
1081 3297 1240 3381 probabile

107 3400 242 3477 videtur,
275 3422 341 3462 eum
373 3423 435 3463 esse
468 3401 601 3463 codicem
629 3403 882 3485 Rotomapensem
922 3400 1011 3485 Υξ-ξζ
1045 3424 1123 3466 saec.
1144 3401 1240 3478 XIII,

106 3570 131 3632 1)
153 3572 279 3637 Breysr'a,
298 3572 360 3624 ‘Die
379 3573 440 3626 Zeit
458 3573 532 3625 Karl
550 3572 682 3625 Martelts'
702 3588 731 3638 p.
747 3574 797 3627 113
810 3588 863 3638 sq.;
883 3573 1084 3634 Duneetmann
1103 3571 1240 3637 ‘Beitrdye

105 3671 156 3706 enr
175 3655 270 3707 Krititc
289 3656 385 3709 Karat.
405 3657 552 3718 Annalem,
577 3659 606 3710 in
625 3656 726 3710 ‘Neues
752 3656 860 3710 Arebin'
885 3657 932 3722 II,
958 3673 983 3722 p.
998 3657 1063 3721 477;
1087 3656 1187 3720 Waite,
1210 3656 1240 3707 in

106 3741 310 3807 ‘Forscbnnpen
328 3758 351 3793 e.
370 3743 408 3794 D.
422 3740 464 3793 G!
480 3742 546 3806 XX,
567 3759 595 3808 p.
609 3743 676 3807 385;
697 3742 813 3802 Simsan,
831 3741 896 3793 ibid.
911 3757 940 3806 p.
955 3741 1013 3793 395.
1087 3739 1114 3802 2)
1139 3738 1238 3803 Was'te,

106 3824 204 3880 ‘Ueber
228 3828 271 3879 dte
295 3828 380 3880 Istcine
404 3827 538 3882 Larscber
555 3827 817 3887 transmearent&
845 3828 872 3878 e'n
900 3826 1064 3880 ‘Sita-Ber.
1093 3824 1140 3876 der
1164 3826 1239 3878 Bert.

108 3910 205 3963 Anae?
233 3911 321 3974 XIX,
347 3928 374 3977 p.
395 3912 463 3976 403,·
488 3912 618 3976 Pnckert,
649 3910 748 3966 ‘Ueber
770 3913 813 3965 die
835 3912 920 3964 Istcine
938 3909 1071 3963 Lorsobcr
1096 3908 1239 3962 Franben·

107 3996 235 4057 cbrnmid,
259 3998 288 4048 tn
307 3995 461 4050 ‘Bericbten
486 3998 533 4049 der
558 3999 647 4050 sactes.
667 3996 808 4051 Gesellscb.
829 3997 855 4048 d.
879 3995 1043 4049 Wtssenscb.
1062 4009 1098 4046 zu
1115 3994 1239 4061 Leipm'p,

105 4080 258 4146 phet-trist.
278 4081 397 4136 Ktasse’.
440 4083 515 4135 1884.
537 4097 567 4148 p.
587 4084 643 4135 106.
729 4081 757 4145 3)
781 4082 900 4133 Pn'ctrert
916 4081 932 4132 t.
951 4081 967 4132 l.
985 4095 1011 4144 p.
1026 4080 1083 4132 150.
1101 4078 1238 4143 opinatur,

105 4166 194 4232 operr's
215 4165 291 4218 itlius
317 4167 419 4232 perditi
444 4182 498 4219 nan
527 4167 644 4231 formam
673 4166 844 4233 oripinalem,
869 4164 916 4216 sed
944 4164 1124 4216 recensionem
1152 4178 1238 4229 quan·

106 4250 169 4303 dam
188 4251 295 4304 annoni
311 4251 517 4303 Fontaneltense'
531 4256 641 4317 praesto
658 4250 753 4314 fnisse.
