2850 4906
308 304 422 360 GESTA
440 304 616 359 ABBATUM
635 304 998 359 FONTANELLENSIUM.
1182 307 1216 361 45

79 458 214 540 publica
238 459 405 522 5555555
429 459 557 522 Domini
581 461 643 524 787
666 459 841 521 indictione
867 462 915 537 10,
940 465 1052 522 octavo
1078 458 1212 522 Kalend.

80 544 261 621 Octobris⁸,
285 546 341 627 qui
364 549 412 607 est
434 565 538 607 annus
560 545 733 625 vigesimus
756 545 981 624 gloriosissimi
999 544 1112 607 Karoli
1133 545 1217 626 regis

80 631 282 693 Francorum
311 637 344 693 et
372 630 504 712 quintus
528 629 670 695 decimus
693 629 827 693 Adriani
850 630 1026 712 apostolici.
1065 629 1216 712 Sepultus

81 715 245 779 55151515
263 715 421 779 aecclesia
439 715 526 778 beati
544 715 683 798 apostoli
700 715 788 779 Petri
807 715 919 779 subtus
938 736 1046 779 arcum
1065 716 1216 778 introitus

81 801 218 864 absidae
251 809 307 866 est.
362 801 457 864 Rexit
488 809 594 864 autem
628 801 687 864 hoc
719 801 905 864 coenobium
938 801 1051 865 annisb
1083 801 1217 881 triginta

85 888 230 968 quinque
253 894 285 949 et
307 907 432 949 menses
456 894 538 964 octo,
562 887 631 950 dies
654 886 807 949 tredecim
818 886 839 952 ¹.

172 972 259 1035 Haeo
281 993 355 1035 vero
378 980 427 1035 est
449 993 574 1035 summa
598 973 637 1036 de
659 972 756 1035 rebus
779 972 922 1035 eiusdem
945 971 1105 1049 coenobii,
1134 993 1216 1053 quae

82 1065 256 1141 praecepto
274 1058 475 1122 invictissimi
495 1058 608 1122 Karoli
627 1059 711 1139 regis
730 1057 942 1121 adnumerata
957 1066 1006 1120 est
1021 1078 1040 1120 a
1057 1057 1216 1120 Landrico

82 1145 203 1207 abbate
226 1143 423 1207 Gemmetico
452 1164 490 1206 55
513 1143 674 1208 Richardo
702 1145 818 1207 comite
847 1165 931 1207 anno
954 1144 1103 1225 vigesimo
1126 1143 1216 1224 regni

83 1231 145 1306 sui,
170 1231 226 1310 qui
248 1239 297 1293 est
318 1230 426 1292 obitus
448 1229 607 1311 praedicti
630 1230 742 1311 patris.
788 1230 941 1292 Primitus
965 1229 1080 1291 etenim
1105 1229 1143 1291 de
1167 1229 1216 1291 bis

84 1336 168 1397 quae
192 1315 233 1378 ad
257 1336 333 1378 usus
355 1319 504 1398 proprios
527 1315 729 1395 fratrumque
751 1315 911 1397 stipendia
930 1315 1091 1396 pertinere
1109 1314 1216 1377 viden-

82 1411 138 1464 tur
171 1406 246 1484 sunt
276 1403 379 1465 mansi
410 1402 527 1483 integri
556 1403 676 1482 reperti
707 1401 857 1465 *numero
891 1401 986 1475 1326,
1018 1399 1114 1462 medii
1144 1401 1216 1476 238,
1231 1419 1265 1469 n.
1276 1421 1321 1459 15.

83 1486 301 1570 manoperarii
329 1488 385 1562 18,
415 1488 470 1567 qui
496 1486 577 1550 fiunt
607 1486 702 1550 simul
728 1486 840 1564 156923
871 1485 964 1549 55513
992 1488 1066 1562 158,
1097 1486 1216 1549 molen-

84 1571 162 1636 dina
194 1574 244 1638 39.
299 1570 338 1634 In
378 1571 543 1635 beneficiis
572 1593 645 1636 vero
675 1572 810 1635 relaxati
848 1580 925 1634 sunt
961 1572 1064 1634 mansi
1100 1572 1217 1653 integri

84 1679 219 1723 numero
247 1658 343 1734 2120,
372 1657 469 1720 1551111
495 1661 550 1733 40,
578 1658 891 1740 55551515111235,
919 1659 975 1740 qui
998 1657 1092 1720 simul
1116 1658 1217 1721 iuncti

83 1741 167 1808 fiunt
197 1745 295 1821 2395,
325 1742 397 1806 5551
427 1745 501 1820 156;
531 1743 652 1807 555551
680 1745 742 1825 ipsi
771 1743 957 1807 molendina
984 1746 1033 1806 24.
1087 1743 1218 1806 Summa

84 1851 226 1913 namque
244 1830 464 1892 universitatis
479 1830 695 1911 praesentium
710 1851 819 1892 rerum
834 1830 919 1891 inter
933 1829 1076 1910 integros
1095 1828 1217 1892 medios

84 1923 183 1999 atque
212 1915 452 1997 manoperarios
482 1916 602 1997 reperti
632 1922 706 1978 sunt
735 1916 839 1977 mansi
868 1916 966 1992 4264,
997 1916 1137 1997 exceptis
1167 1914 1217 1977 bis

85 2003 170 2066 villis
194 2021 275 2083 quas
294 2000 388 2063 Wido
411 2000 514 2064 laicus
537 2006 595 2064 aut
615 2002 712 2083 regiis
739 2000 921 2064 hominibus
942 1999 1139 2063 contradidit
1161 2006 1218 2062 551

85 2090 184 2152 511551
216 2085 275 2150 555
308 2085 550 2149 usufructuario
583 2087 656 2149 aliis
688 2087 863 2162 concessit;
903 2085 990 2167 quod
1026 2084 1217 2148 omnimodis

84 2173 192 2238 155515
223 2192 287 2235 555
318 2171 484 2235 debuerat.
541 2173 630 2236 Duos
662 2173 759 2235 511515
790 2192 891 2234 55555
915 2172 1047 2251 accepit
1077 2171 1216 2251 regimen

85 2257 231 2323 coenobii
262 2257 355 2320 Wido
383 2258 500 2329 laicus,
535 2264 709 2339 antequam
741 2257 906 2338 Remigius
934 2255 1120 2319 cathedram
1152 2257 1217 2337 epi-

85 2345 249 2427 scopalem
273 2343 520 2426 Ratumagensis
543 2344 633 2407 urbis
656 2344 787 2407 subiret.
831 2342 974 2424 Eratque
996 2343 1064 2424 ipse
1086 2341 1217 2423 praesul

85 2438 182 2513 atque
195 2429 361 2514 praefatus
375 2435 468 2510 pater
481 2431 644 2492 amicitiae
662 2431 732 2493 iure
746 2429 916 2493 coniuncti.
955 2427 1060 2490 Huius
1079 2427 1217 2508 deniqne

85 2516 375 2580 amministratione
409 2513 557 2578 coenobii
588 2514 664 2577 dum
695 2515 945 2597 gloriosissimus
974 2513 1128 2595 Pippinus
1160 2534 1218 2575 rex

86 2603 126 2666 ad
151 2600 356 2684 sepulchrum
379 2599 510 2663 almifici
533 2601 635 2682 patris
658 2602 760 2664 nostri
778 2599 1007 2680 Wandregisili
1030 2598 1218 2661 accessisset

84 2688 241 2751 orationis
271 2687 388 2768 gratia,
418 2686 507 2749 illam
536 2688 663 2749 inanem
692 2685 941 2769 postulationem
970 2684 1087 2747 1151155
1116 2684 1218 2747 nostri

85 2774 189 2837 eidem
207 2783 441 2853 suggesserunt,
460 2793 543 2854 quae
562 2772 708 2835 omnibus
727 2778 776 2835 est
793 2770 970 2836 notissima.
1015 2770 1217 2851 Quamquam

85 2861 153 2942 ipse
176 2857 343 2941 praedium
367 2857 529 2940 quoddam
553 2859 599 2920 eis
622 2857 733 2940 largiri
757 2856 946 2940 dispositum
970 2854 1114 2919 haberet.

352 3049 399 3111 16.
437 3045 553 3110 Gesta
584 3046 761 3110 Gervoldi
791 3046 952 3111 abbatis.

172 3183 363 3260 Gervoldus,
402 3204 440 3245 ex
476 3191 568 3263 patre
605 3183 802 3258 Walohario,
841 3189 945 3245 matre
980 3203 1055 3244 vero
1091 3182 1217 3245 nomine

85 3269 213 3346 Walda,
232 3269 316 3331 rexit
334 3268 420 3331 istud
440 3268 626 3331 coenobium
644 3271 737 3333 annis
753 3269 820 3332 1515
841 3271 887 3332 18.
924 3267 985 3330 Η15
1001 3289 1039 3331 ex
1056 3266 1217 3329 nobilibus

86 3354 275 3438 parentibus
308 3360 410 3430 ortus,
443 3353 515 3417 dein
544 3354 679 3418 clericus
707 3353 838 3418 effectus
869 3359 965 3435 atque
993 3352 1035 3415 ad
1059 3352 1216 3434 palatium

84 3442 272 3524 perductus,
308 3439 482 3502 Bertradae
510 3439 661 3520 reginae4
695 3441 880 3521 capellanus
914 3437 1060 3504 efficitur.
1118 3436 1217 3500 Cuius

86 3528 219 3592 obtentu
241 3525 436 3588 Ebroicinae
468 3525 608 3588 civitatis
636 3525 740 3601 sedes,
773 3524 922 3589 defuncto
955 3523 1096 3586 eiusdem
1128 3521 1217 3584 urbis

85 3612 248 3695 praesule,
282 3631 302 3673 a
329 3611 444 3673 domno
478 3631 551 3693 rege
582 3611 701 3674 Karolo
732 3611 761 3673 ei
792 3609 949 3672 attributa
978 3616 1036 3672 est.
1093 3605 1155 3669 Sed
1185 3612 1218 3669 et

86 3698 182 3763 rebus
196 3697 346 3760 humanis
360 3703 507 3777 exempto
522 3697 667 3776 praefato
684 3696 817 3759 Widone
833 3695 926 3768 laico,
941 3693 1027 3756 idem
1041 3691 1217 3756 Gervoldus

86 3784 291 3867 suggestione
318 3802 377 3845 555
400 3803 420 3845 5
443 3782 560 3844 domno
583 3803 621 3845 55
644 3782 854 3845 invictissimo
883 3800 959 3860 rege
985 3777 1102 3841 llarolo
1126 3798 1216 3858 prae-

86 3869 191 3932 151515
203 3867 401 3944 5555551551,
416 3867 603 3950 episcopatu
616 3867 752 3945 deserte,
768 3865 959 3947 impetravit,
974 3883 1058 3925 anno
1069 3862 1218 3925 videlicet

87 3998 110 4101 11
117 3999 219 4088 1111151115
228 3998 291 4036 veria
299 4007 369 4045 51555,
378 3999 401 4034 ut
410 3996 500 4044 uidetur,
510 3995 616 4044 5111111515
625 3993 703 4032 codicia
713 3994 736 4031 15
744 4004 809 4043 marg.
820 3993 904 4041 5511111,,·
916 3991 999 4030 decimo
1009 3993 1084 4028 octavo
1095 3989 1123 4033 K.
1130 3988 1156 4028 0.
1167 3989 1215 4029 5115.

89 4128 114 4188 1)
133 4128 218 4191 Ν515,
242 4131 378 4179 auctorem
400 4131 522 4179 55511551
548 4126 619 4177 mole
640 4129 822 4190 computasse,
848 4122 882 4174 ab
908 4136 980 4173 5555
1005 4121 1075 4173 caim
1098 4119 1157 4172 753.
1180 4119 1218 4173 55

88 4213 192 4249 555551
210 4197 269 4249 787.
288 4193 596 4248 11555151551555134.
667 4194 694 4255 2)
712 4190 885 4244 1151551584.
954 4189 980 4252 3)
998 4188 1063 4241 Vide
1082 4187 1217 4252 Gudrurd,

89 4264 259 4332 ‘Pompeique
277 4263 484 4328 5155155511.
503 4263 567 4326 589;
595 4261 692 4325 Waltz,
716 4258 897 4312 ‘Altdeutsche
915 4256 1000 4321 Hufe'
1023 4257 1053 4309 15
1071 4255 1216 4310 ι1151155511.

89 4333 114 4384 d.
125 4331 186 4385 Ges.
196 4334 222 4384 5.
232 4333 273 4388 W.
290 4347 314 4384 a.
328 4330 407 4384 Gau?
429 4331 477 4396 VI,
493 4345 521 4396 p.
532 4332 590 4383 220.
641 4328 670 4391 4)
692 4328 766 4382 Uxor
776 4325 1216 4394 Ρ1511151,51515Κ51511Μ5951
