2850 4896
292 275 411 331 GESTA
431 274 606 328 ABBATUM
625 273 986 330 FONTANELLENSIUM.
1168 275 1200 328 17

73 430 241 514 dulgentia
264 431 380 512 iugiter
402 435 534 494 teneret.
580 427 677 492 Edita
700 434 750 492 est
771 429 851 493 haec
873 429 1074 493 confirmatio
1097 426 1200 509 pridie

72 516 184 580 Nonas
207 515 384 579 Februarii.
431 514 513 578 Nam
537 516 662 597 etipsa
688 516 867 578 auctoritas
895 516 928 578 in
956 514 1018 577 hoc
1045 513 1200 578 coenobio

74 608 231 667 servatur.
287 601 446 666 Defuncto
478 607 586 665 autem
622 601 790 681 Rotmaro,
822 602 977 665 remansit
1010 598 1096 663 filius
1133 600 1201 662 eius

77 689 249 751 Airamnus
281 689 313 750 in
334 688 503 770 ,pueritiae
535 688 636 750 annis.
694 686 764 761 Quo
795 693 939 769 tempore
966 684 1201 750 Erchinoaldus

73 775 178 837 maior
199 773 314 836 domus
336 775 445 855 regiae
468 793 488 836 a
509 771 675 855 praedicto
693 774 845 837 Airamno
864 773 1071 837 commutavit
1090 791 1202 853 supra-

74 859 164 923 dicta
187 859 313 938 locella,
337 859 415 922 data
437 859 538 922 eidem
563 860 596 921 in
618 859 783 923 territorio
807 858 1027 923 Veliocassino
1055 858 1121 920 alia
1142 878 1201 939 pro

74 946 170 1028 ipsis,
203 945 287 1008 unde
321 952 415 1027 pater
451 946 519 1008 eius
554 945 728 1008 Rotmarus
766 946 872 1008 carnis
909 945 1063 1026 originem
1101 942 1200 1005 duxit.

73 1031 196 1095 Beatus
218 1051 346 1113 quoque
365 1029 618 1112 Wandregisilus
637 1052 656 1093 a
678 1031 844 1113 praedicto
866 1032 1003 1113 patricio
1023 1028 1083 1093 sub
1105 1029 1201 1092 titulo

73 1117 172 1200 pretii
191 1117 304 1181 eadem
325 1117 441 1180 locella
460 1117 596 1198 adeptus
615 1123 672 1180 est.
709 1117 807 1181 Edita
829 1117 891 1180 fuit
912 1137 996 1181 anno
1019 1117 1067 1179 12.
1093 1135 1202 1196 saepe-

74 1203 134 1266 fati
148 1204 234 1286 regis
249 1201 444 1285 Compendio
458 1203 581 1286 palatio
596 1204 685 1286 regio
701 1203 752 1266 die
766 1202 987 1267 Kalendarum
1000 1201 1202 1278 Martiarum,

75 1291 278 1371 congregatis
293 1288 491 1353 Francorum
508 1287 636 1372 populis
655 1290 687 1351 in
708 1310 821 1372 campo
835 1289 965 1368 Martie,
985 1288 1041 1351 ubi
1056 1287 1203 1350 omnibus

76 1376 170 1438 annis
193 1376 433 1455 conveniebant,
456 1375 555 1438 veluti
578 1376 726 1439 omnibus
748 1382 861 1439 notum
884 1381 932 1439 est
944 1375 964 1438 ¹.

106 1515 135 1574 2.
170 1501 286 1575 Gesta
313 1512 425 1574 Baini
455 1511 625 1594 episcopi
656 1517 693 1575 et
721 1513 887 1576 rectoris
916 1511 1172 1576 Fontanellae.

161 1631 283 1695 Bainus
318 1632 486 1714 episcopus
525 1631 563 1695 de
597 1632 726 1696 civitate
760 1631 964 1714 Tyroanda2,
996 1632 1127 1714 quintus
1163 1630 1204 1694 ab

76 1715 499 1799 almifico*Wandregisilo,
522 1719 664 1798 regimen
688 1721 863 1800 assumpsit
886 1719 1032 1783 coenobii
1055 1717 1096 1781 ab
1120 1738 1204 1780 anno

75 1804 225 1867 videlicet
252 1804 388 1885 septimo
412 1802 616 1868 Hildeberti3
643 1806 727 1887 regis
751 1805 947 1869 Francorum
971 1811 1003 1868 et
1029 1806 1076 1869 13.
1102 1802 1204 1884 Sergii

74 1888 256 1972 papae⁴**.
310 1889 371 1953 Hic
402 1909 538 1972 namque
569 1890 689 1953 Bainus
721 1892 890 1973 episcopus
921 1891 1006 1954 inter
1036 1890 1205 1952 innumera

179 2012 269 2079 ginem
283 2010 393 2064 duxerat
401 2031 408 2073 ;
427 2028 536 2079 quorum
550 2028 618 2064 nunc
632 2012 739 2065 nomina
753 2013 960 2066 memoriaenon
979 2014 1124 2065 occurrunt.
1161 2011 1205 2064 Se-

179 2080 273 2148 quenti
291 2096 393 2148 quoque
411 2082 530 2146 ternpore
552 2080 647 2134 beatus
665 2080 877 2147 Wandregisilus
900 2086 927 2134 et
945 2098 1024 2147 nepos
1044 2080 1107 2141 eius,
1129 2096 1206 2132 vene·

179 2148 273 2200 rabilis
296 2149 336 2200 vir
360 2147 446 2210 Godo,
471 2148 608 2214 praedicto
631 2150 746 2215 patricio
769 2149 817 2202 sub
842 2150 924 2202 titulo
947 2149 1028 2216 pretii
1053 2148 1144 2201 eadem
1168 2149 1205 2201 eis

178 2217 275 2270 locella
299 2218 431 2284 largiente
450 2220 477 2270 et
495 2218 608 2271 Domino
626 2221 793 2284 cooperante,
817 2217 907 2285 adepti
926 2222 988 2271 sunt
1005 2217 1053 2270 sub
1073 2234 1141 2270 anno
1158 2234 1205 2269 un-

180 2285 281 2338 decimo
299 2285 429 2352 praedicti
447 2287 526 2353 regis,
550 2286 593 2339 die
611 2286 792 2339 Kalendarum
810 2287 977 2348 Martiarum,
996 2285 1205 2338 indictione...

180 2353 250 2407 Acta
267 2357 325 2407 erat
342 2355 371 2407 in
389 2352 549 2422 Compendio
567 2354 678 2421 palatio.
713 2356 816 2408 Dehinc
834 2373 902 2409 anno
925 2355 1097 2423 subsequenti
1116 2357 1143 2407 et
1161 2371 1205 2420 pe-

180 2424 234 2476 tita
259 2426 286 2475 et
311 2426 371 2476 acta
395 2427 436 2476 est
461 2424 625 2478 confirmatio
647 2423 763 2490 praefati
787 2425 858 2491 regis
883 2441 962 2491 super
980 2424 1077 2477 eisdem
1104 2423 1206 2476 locellis

180 2495 353 2561 porrectaque
372 2510 387 2544 a
409 2492 516 2545 Radone
540 2494 667 2560 scriptore
690 2494 881 2547 auctoritatum
904 2494 1038 2561 regiarum
1062 2492 1206 2560 geruloque

181 2561 255 2613 anuli
283 2562 351 2628 regii
381 2561 524 2626 praedictis
553 2562 675 2628 patribus
704 2563 826 2615 strenuis.
871 2562 952 2615 Edita
976 2561 1029 2614 fuit
1053 2578 1121 2615 anno
1144 2560 1206 2613 duo-

181 2629 282 2682 decimo
319 2629 449 2696 saepefati
482 2631 553 2699 regis
589 2629 749 2696 Compendio
781 2632 883 2697 palatio
916 2631 990 2699 regio
1025 2629 1206 2682 Kalendarum

180 2699 338 2751 Martiarum
364 2697 415 2760 die,
441 2701 610 2766 congregatis
629 2700 790 2753 Francorum
815 2700 919 2766 populis
944 2700 972 2751 in
993 2715 1085 2765 eampo
1103 2699 1205 2758 Martii,

181 2766 228 2819 ubi
246 2766 367 2819 omnibus
381 2768 457 2819 annis
471 2769 608 2820 convenire
622 2768 696 2821 soliti
710 2772 794 2830 erant,
812 2769 897 2821 veluti
911 2767 1033 2821 omuibus
1050 2770 1141 2820 notum
1157 2770 1206 2819 est.
1229 2815 1232 2821 ,

129 2837 153 2894 *l
179 2837 253 2888 Edd.
267 2836 345 2889 odd:
365 2851 468 2888 aecum
482 2837 554 2889 omni
567 2837 768 2890 honorificentia
781 2837 941 2891 nominando
955 2839 1104 2903 protectore
1118 2839 1206 2888 nostro

181 2903 327 2957 clarissimo
345 2905 487 2958 sacerdote.

117 2972 155 3037 **)
181 2973 255 3027 Eud.
270 2974 344 3027 add:
369 2989 451 3040 usque
475 2974 508 3026 ad
527 2973 658 3026 decimum
682 2974 804 3043 quintum
829 2974 944 3027 eiusdem
968 2974 1039 3042 regis
1062 2990 1160 3026 annum
1179 2975 1206 3025 et

181 3040 307 3094 Iohannis
321 3042 478 3108 apostolici⁵
491 3042 642 3103 seeundum,
657 3045 702 3111 qui
716 3043 769 3096 fuit
782 3045 958 3111 octogesimus
972 3047 1080 3096 octavus
1095 3059 1111 3094 a
1125 3042 1206 3094 Petro

183 3112 309 3176 apostolo,
333 3109 507 3164 exarchatus⁶
525 3114 613 3164 autem
632 3112 731 3179 Pipini,
751 3112 801 3164 filii
819 3112 974 3180 Ausegisili‚
999 3115 1039 3174 21,
1059 3111 1206 3164 dominicae

182 3181 270 3232 autem
285 3179 475 3233 incarnationis
489 3184 547 3242 706,
562 3180 707 3234 indictione
724 3182 748 3242 4,
767 3197 814 3247 per
832 3198 913 3235 annos
927 3197 1029 3234 novem.
1060 3179 1113 3233 Sub
1127 3180 1206 3232 huius

182 3246 294 3315 denique
318 3251 437 3314 tempore
460 3248 596 3315 praefatus
621 3250 733 3315 Pipinus
758 3250 964 3317 gloriosissimus
987 3249 1038 3301 dux
1056 3249 1205 3301 Floriacum

183 3316 335 3370 coenobium
357 3333 411 3370 una
433 3334 491 3370 cum
516 3318 600 3370 nobili
624 3319 734 3386 coniuge
752 3335 800 3371 sua
818 3318 960 3371 Plectrude
983 3318 1113 3375 aedificat,
1138 3317 1206 3385 quod

182 3385 264 3437 situm
287 3388 328 3437 est
350 3386 378 3437 in
399 3402 469 3453 pago
488 3387 691 3449 Veliocassinol,
716 3404 783 3440 auno
805 3404 873 3440 nono
896 3386 1054 3447 Hiliberti⁸‚
1078 3387 1124 3453 qui
1148 3388 1206 3438 erat

183 3453 337 3506 exarchatus
360 3454 401 3507 sui
420 3471 503 3508 annus
521 3456 665 3522 vigesimus
687 3456 792 3517 tertius,
811 3455 958 3509 dominicae
977 3458 1067 3508 autem
1086 3456 1206 3507 incarna-

181 3522 262 3575 tionis
287 3523 541 3590 septingentesimus
564 3528 679 3577 octavus.
721 3524 864 3593 Ipsumque
883 3525 997 3577 Bainum
1020 3527 1148 3576 rectorem
1167 3522 1205 3574 ibi

181 3590 311 3656 praefecit
345 3592 541 3661 plurimamque
571 3593 678 3646 turbam
710 3593 894 3646 monachorum
927 3592 1062 3645 adunavit.
1113 3591 1205 3657 Ipsum

183 3663 273 3712 autem
297 3661 487 3713 monasterium
511 3661 572 3713 huic
598 3662 721 3715 coenobio
746 3661 915 3714 contradidit.
957 3660 1094 3713 Occasioni
1116 3662 1205 3712 autem

182 3727 375 3781 aedificationis
397 3729 517 3796 praefato
541 3730 664 3783 coenobio
687 3729 783 3783 idcirco
802 3730 862 3792 fnit,
887 3730 1010 3799 quoniam
1030 3728 1113 3781 isdem
1132 3729 1204 3794 prin-

80 3823 102 3871 α)
114 3822 144 3860 aa
158 3822 198 3871 ed,
213 3823 274 3860 etiam
287 3833 353 3871 supra
367 3825 390 3862 ia
403 3826 466 3862 remu.

82 3901 106 3965 1)
135 3900 235 3954 Ultima
256 3901 329 3955 vitae
351 3907 375 3953 et
396 3901 484 3953 obitus
502 3917 522 3954 s.
546 3901 740 3968 Wuadrept'sili
759 3902 788 3953 ia
813 3902 875 3954 Vv'to
894 3919 915 3955 c.
934 3901 1050 3954 14—21.
1074 3901 1205 3966 loquutur.

81 3969 149 4022 Post
162 3985 222 4022 eam
236 3969 384 4033 (latuerant
402 3970 512 4022 abba-tes
526 3971 699 4035 Luotbertas,
719 3971 870 4023 Aasbertas
884 3977 909 4023 et
923 3969 1080 4031 Hiltbertue,
1093 3984 1206 4037 qaorum

80 4044 156 4103 peste
166 4038 210 4090 bic
219 4039 358 4100 eccidisse,
372 4054 426 4090 aum
435 4040 627 4104 rectepatabat
637 4041 726 4092 Perta
753 4038 794 4103 Of.
808 4039 1053 4091 commentationem
1067 4053 1152 4090 meam
1162 4039 1179 4090 l.
1189 4038 1205 4089 t.

81 4106 167 4159 Edita
189 4112 229 4159 est
253 4108 312 4160 Vtra
335 4107 478 4160 Laatberti
498 4124 515 4159 a
538 4108 700 4160 Mobillom'o
721 4108 751 4159 im
768 4108 846 4160 Actis
863 4106 912 4160 SS.
932 4107 995 4168 III,
1014 4107 1042 4168 2,
1062 4122 1091 4172 p.
1104 4107 1162 4160 462.
1182 4112 1206 4159 et

88 4174 147 4228 Vita
166 4176 294 4228 Aasberte'
314 4192 358 4242 ap.
376 4176 488 4229 eumdem
506 4178 550 4240 II,
567 4192 595 4242 p.
609 4177 683 4230 1048.
763 4176 789 4239 2)
809 4175 974 4229 Tc'roaaaae.
1047 4177 1074 4240 3)
1093 4175 1152 4227 ΙΙΙ.
1171 4176 1205 4227 ab

83 4260 155 4297 ammo
168 4245 226 4305 695,
241 4246 327 4298 Mart.
391 4243 418 4310 4)
436 4246 461 4297 Ι.
479 4262 506 4298 α.
519 4246 664 4299 687-701.
719 4243 746 4307 5)
771 4245 835 4297 VII.
854 4262 879 4296 a.
893 4243 1037 4298 rou-707.
1107 4245 1133 4308 6)
1151 4244 1170 4296 e'.
1184 4260 1205 4296 e.

82 4313 232 4368 maturatas
250 4313 345 4368 domas
361 4315 459 4379 regiae.
528 4312 555 4379 7)
573 4315 676 4381 Fleary
692 4314 722 4366 e'u
738 4329 810 4378 papo
834 4313 928 4368 Vecta.

1002 4418 1018 4470 2
