2850 4906
186 281 220 334 28
307 299 312 310 ·
405 277 517 332 GESTA
537 277 712 332 ABBATUM
731 277 1090 332 FONTANELLENSIUM.

185 433 267 495 torio
301 432 551 496 Cinomannico¹
585 454 649 495 rem
686 433 774 496 illam
815 454 897 514 quae
931 432 1049 496 dicitur
1078 432 1219 513 Vernigo
1254 453 1307 495 seu

185 517 325 600 Metiago
359 540 441 600 quae
473 517 655 601 appellatur
691 521 947 600 duanae-curte.
1005 517 1119 582 Aedita
1140 525 1201 581 est
1231 517 1308 581 haec

185 603 312 685 largitio
336 624 420 667 anno
440 604 607 667 undecimo
625 604 791 668 Teoderioi
810 602 926 686 regis2,
950 604 1052 686 patris
1070 603 1237 682 Hilderici,
1260 603 1309 666 de-

185 711 272 752 mum
303 690 386 771 regis
418 691 580 753 novissimi
613 712 652 754 ex
683 711 797 772 genere
829 690 1073 772 Meroingorum.
1133 689 1179 753 De
1212 689 1309 771 patri-

185 775 298 838 moniis
321 777 405 839 enim
428 797 448 839 a
471 775 636 858 praedicto
660 776 799 856 glorioso
821 776 969 858 praesule
992 775 1067 838 huic
1090 774 1159 838 loco
1183 776 1306 856 largitis

184 863 249 925 sive
272 883 291 924 a
313 861 461 925 fidelibus
484 861 669 925 christianis
692 862 873 944 impetratis
896 882 935 925 ac
957 862 1115 942 susceptis
1139 862 1194 942 qui
1217 882 1310 926 nosse

185 947 287 1030 cupit,
317 953 509 1011 testamenta
533 947 665 1029 abipso
688 948 795 1011 aedita
817 948 966 1024 revolvat,
997 953 1030 1011 et
1051 954 1127 1010 tunc
1149 946 1309 1029 probabit,

184 1033 281 1096 nichil
305 1055 356 1096 me
378 1033 417 1097 de
442 1055 479 1097 eo
503 1034 665 1098 sinistrum
690 1040 747 1132 ant
768 1033 888 1098 dixisse
915 1039 972 1096 aut
995 1033 1176 1131 scripsisse.
1221 1034 1311 1097 Men-

185 1124 235 1182 sat
237 1141 273 1182 aa
303 1119 402 1183 hoc
393 1141 426 1183 m
458 1118 611 1183 coenobio
643 1122 746 1184 consti
736 1121 812 1184 ituit
817 1120 955 1202 ,deput
956 1120 1019 1183 atis
1050 1119 1197 1182 videlicet
1225 1119 1309 1182 villis

184 1226 267 1301 quae
289 1227 347 1287 per
366 1227 624 1288 unumquemque
642 1227 783 1270 mensem
803 1205 1012 1270 sufficientem
1035 1205 1229 1288 praeberent
1251 1204 1311 1268 ali·

184 1289 336 1368 moniam3
378 1292 497 1356 idcirco
538 1293 693 1355 memoria
731 1292 818 1355 illius
857 1294 890 1355 in
930 1291 1151 1354 benedictione
1191 1297 1309 1355 manet.

184 1376 309 1458 hxple
301 1398 328 1440 1s
359 1399 495 1460 namque
523 1377 696 1441 laudabilis
724 1399 836 1442 cursus
863 1379 912 1442 sui
942 1378 1062 1453 annis⁸,
1093 1377 1243 1459 migravit
1230 1376 1312 1441 tad

184 1463 358 1526 Dominum
382 1463 440 1528 sub
472 1463 524 1526 die
555 1469 644 1528 sexto
674 1463 789 1527 Iduum
820 1463 990 1546 Aprilium,
1023 1463 1078 1545 qui
1107 1469 1177 1526 erat
1206 1484 1311 1526 annus

183 1548 360 1612 dominicae
388 1550 618 1613 incarnationis
641 1550 732 1616 730¹).
777 1549 898 1632 Corpus
927 1551 995 1613 eius
1018 1548 1216 1612 Gemmetico
1240 1570 1311 1613 coe-

183 1634 290 1712 nobio,
333 1657 395 1717 quo
435 1637 533 1699 etiam
567 1636 650 1698 vitae
686 1635 879 1712 decesserat,
916 1637 949 1698 in
985 1635 1141 1699 aecclesia
1176 1641 1311 1699 sanctae

183 1722 296 1784 matris
318 1741 356 1784 ao
381 1728 555 1805 perpetuae
581 1722 712 1803 virginis
736 1721 858 1786 Mariae
881 1721 1103 1785 venerabiliter
1125 1721 1311 1803 sepulturae

183 1813 232 1870 est
266 1807 430 1874 traditum.
485 1806 684 1890 conditaque
720 1813 769 1871 est
803 1829 822 1871 a
857 1806 1011 1871 fratribus
1042 1807 1130 1870 illinc
1161 1806 1311 1871 habitan·

182 1892 268 1956 tibus
292 1900 427 1976 suprat
414 1893 558 1957 tumbam
588 1892 675 1956 illius
702 1915 780 2043 repa
810 1893 944 1957 diversis
977 1898 1040 1957 met
1027 1893 1114 1956 tallis
1146 1892 1310 1970 decorata,

182 1978 223 2041 ob
259 2000 399 2043 amorem
433 1978 595 2060 videlicet,
637 1981 840 2043 sanctitatem
881 2001 919 2043 ao
960 2000 1090 2042 reveren
1094 1980 1172 2042 tiam
1212 1979 1309 2043 illius

182 2064 297 2127 Nullus
330 2066 414 2128 enim
447 2071 522 2129 ante
555 2031 628 2129 edm
663 2065 805 2129 eiusdem
838 2065 982 2130 coenobii
1012 2071 1116 2128 rector
1146 2085 1205 2127 neo
1236 2071 1312 2146 post

182 2172 253 2214 eum
277 2158 325 2215 tot
353 2150 486 2234 praedia
509 2173 546 2214 ao
576 2152 793 2301 possessiones
823 2152 854 2214 in
887 2153 957 2214 iure
987 2151 1089 2233 ipsius
1119 2150 1311 2214 venerabilis

182 2238 245 2300 loci
268 2243 341 2301 oont
328 2237 403 2300 tulit
425 2259 463 2301 ao
485 2238 681 2319 impetravit,
710 2240 793 2301 siout
819 2239 888 2319 ipse
914 2237 1021 2301 facere
1045 2237 1181 2313 curavit,
1154 2238 1311 2300 tveluti

183 2321 278 2410 [per]
300 2329 364 2387 test
365 2329 473 2387 ament
474 2346 494 2387 a
460 2322 657 2387 teiusdem
676 2323 821 2388 coenobii
840 2331 935 2386 cunct
936 2325 963 2387 is
986 2324 1090 2404 legent
1077 2323 1163 2386 tibus
1187 2322 1310 2404 liquido

181 2415 280 2492 patet.
259 2409 394 2472 tHie
426 2409 587 2472 dimisit
579 2431 611 2472 ιιι
643 2409 703 2473 hoc
734 2409 885 2473 coenobio
915 2409 1145 2472 Fontinellensi
1176 2409 1310 2473 calicem

183 2516 368 2558 aureume
352 2500 384 2558 et
417 2502 474 2577 pat
476 2516 568 2559 enam
603 2516 734 2559 auream
771 2502 941 2577 pensantes
977 2495 1076 2559 libras
1108 2499 1247 2577 quatuor
1278 2502 1311 2558 et

183 2582 293 2645 uncias
329 2580 423 2657 duas,
459 2581 632 2645 turiculam
665 2579 820 2646 auream3
856 2602 952 2645 unam
988 2587 1175 2663 pensantem
1208 2581 1310 2645 libras

183 2668 337 2765 quinque,
370 2688 499 2748 capsam
531 2688 609 2731 auro
642 2674 675 2731 ιι
705 2668 837 2749 gemmis
874 2667 1055 2731 decoratam
1092 2666 1309 2731 continentem

183 2755 314 2836 pignera
355 2753 553 2817 diversorum
594 2761 786 2817 sanctorum
850 2754 993 2817 Plurima
1031 2753 1115 2816 enirn
1151 2751 1288 2816 bonitat
1265 2759 1308 2816 trs

183 2840 282 2937 gessit
304 2860 413 2921 opera,
438 2862 520 2923 quae
546 2838 1137 2904 dinumerarelaboriosissimumtest
1182 2838 1308 2902 Nobilis

183 2926 266 2988 enim
290 2926 398 2988 extitit
420 2947 543 3007 genere,
566 2924 623 2988 sed
642 2947 703 2988 non
721 2925 855 2989 inferior
873 2926 1034 3007 religione.
1071 2924 1158 2988 Haec
1177 2925 1307 3007 quidem

183 3010 221 3074 de
244 3011 423 3074 venerando
444 3018 537 3094 patre
561 3033 598 3075 ao
622 3010 749 3074 domino
773 3011 909 3093 Hugone
930 3011 1019 3074 dieta
1041 3009 1212 3077 sufficiant.

276 3199 306 3265 9.
343 3200 459 3265 Gesta
488 3200 680 3264 Landonis
710 3200 877 3283 episcopi
906 3208 1018 3282 atque
1047 3199 1206 3265 abbatis.

268 3337 378 3403 Lando
398 3339 566 3421 episcopus
585 3338 624 3402 de
642 3338 721 3402 urbe
739 3338 889 3402 Remensi
907 3337 1050 3402 succedit
1070 3337 1196 3418 Hugoni
1215 3357 1308 3420 prae-

183 3424 245 3487 suli
276 3424 309 3487 in
340 3425 493 3506 regimine
522 3424 617 3488 huius
649 3424 793 3488 coenobii
824 3423 865 3487 ab
894 3445 978 3488 anno
1007 3422 1195 3487 duodecimo
1221 3424 1307 3505 regis

181 3509 348 3573 Teoderici
387 3511 568 3590 novissimi,
609 3511 664 3592 qui
702 3516 771 3574 erat
809 3509 1001 3575 exarchatus
1045 3509 1157 3572 Karoli
1203 3530 1307 3572 annus

182 3602 252 3677 sept
254 3596 336 3658 imus
359 3595 514 3674 decimus,
542 3597 771 3660 incarnationis
794 3603 900 3660 autem
924 3596 1103 3661 dominicae
1126 3616 1181 3677 sep
1183 3595 1308 3677 tingen-

182 3683 313 3744 tesimus
337 3682 517 3745 tricesimus
538 3683 695 3766 primusd,
723 3682 897 3746 indictione
926 3684 1049 3747 decima
1072 3686 1197 3763 quarta.
1244 3681 1307 3759 Qui

182 3768 279 3830 etiam
302 3768 425 3832 cellam
438 3771 541 3832 saneti
565 3768 687 3832 Sidonii
710 3789 792 3850 quae
815 3769 917 3831 estin
936 3769 1091 3833 Warinna
1115 3765 1210 3830 simul
1234 3787 1306 3829 oum

181 3854 276 3916 ista
267 3875 337 3917 rure
355 3853 501 3918 beneficii
519 3854 706 3954 aliquandiu
725 3854 836 3918 tenuit.
876 3855 966 3918 Anno
985 3873 1122 3936 namque
1140 3852 1306 3934 regiminis

181 3940 208 4001 is
210 3940 273 4002 tius
302 3941 405 4023 primo
428 3941 639 4023 Gregorius
630 3943 737 4004 iunior·
766 3961 850 4023 papa
879 3942 1026 4023 migrauit
1054 3939 1094 4002 ad
1126 3937 1306 4005 Dominum.

182 4024 242 4088 Cui
261 4026 504 4090 succeditalius
519 4025 700 4109 Gregorius,
720 4027 820 4090 mirae
839 4027 1023 4091 sanctitatis
1041 4027 1097 4102 vir,
1125 4037 1180 4104 qui
1198 4036 1305 4088 claves

180 4162 201 4212 a)
215 4173 319 4202 annorum
335 4175 352 4202 c.
405 4166 428 4212 b)
442 4165 507 4205 Duc.
520 4177 547 4214 a,
560 4175 634 4203 mauce
644 4165 781 4213 posterioria
796 4165 887 4216 margine
900 4165 985 4204 addidit
998 4164 1068 4203 XXX.
1120 4162 1142 4214 c)
1155 4164 1210 4203 deest
1223 4176 1240 4203 e.
1255 4164 1304 4205 edd.

180 4215 203 4265 d)
217 4216 261 4253 alia
273 4227 348 4255 manus
361 4218 385 4255 in
397 4219 489 4267 margine
502 4219 607 4266 apposuit:
624 4216 703 4255 XLIX.
717 4216 807 4256 1nd.lX.

181 4320 206 4382 1)
225 4319 263 4371 Le
283 4320 384 4372 Maiae.
453 4319 482 4385 2)
499 4320 552 4373 IV.
572 4338 597 4373 a.
615 4319 759 4373 rao—737.
828 4317 854 4383 3)
874 4320 987 4373 Hostiae
1005 4318 1162 4373 seruandae.
