2850 4906
315 270 429 327 GESTA
449 273 625 327 ABBATUM
643 272 1005 329 FONTANELLENSIUM.
1189 279 1224 331 37

350 428 398 492 13.
434 425 550 490 Gesta
579 424 785 490 Wandonis
814 427 977 492 abbatis.

178 527 303 592 Wando
326 527 497 609 presbiter,
527 551 547 592 a
576 536 669 608 patre
693 528 841 593 baldrico
870 531 998 595 nomine
1027 533 1222 614 progenitus

86 613 256 677 territorio
278 614 391 677 Tellau
412 619 517 681 ortus,
545 615 686 695 regimen
709 616 885 696 assumpsit
907 615 1052 680 coenobii
1075 618 1117 681 ab
1139 639 1223 683 anno

89 699 275 762 dominicae
302 700 532 763 incarnationis
556 701 631 776 742,
662 700 717 781 qui
747 706 795 763 est
823 721 927 764 annus
956 703 1080 783 primns
1106 704 1223 785 princi-

87 790 187 867 patus
210 784 445 848 Karolomanni
468 792 500 847 et
524 785 659 867 Pippini,
682 785 885 866 praesidente
908 787 940 850 in
965 786 1040 850 sedo
1060 787 1223 852 Romanae

88 869 269 933 aecclesiae
292 891 376 934 anno
399 870 502 952 primo
521 870 679 933 Zacharia
701 871 878 953 apostolico
889 871 908 938 ¹.
947 872 1047 953 igitur
1069 873 1154 936 idem
1175 875 1224 937 vir

89 955 263 1037 religiosus
288 955 426 1033 Wando,
454 955 529 1018 dum
553 955 593 1019 de
617 956 764 1019 Treiecto
787 963 907 1031 castro,
939 956 994 1021 nbi
1023 957 1065 1021 ad
1092 959 1224 1022 exilium

88 1041 209 1104 ductus
231 1041 351 1116 fuerat,
382 1063 452 1104 cum
482 1042 642 1121 permissu
670 1062 708 1105 ao
739 1042 879 1105 iussione
908 1044 1040 1125 gloriosi
1069 1045 1223 1128 principis

89 1127 220 1209 Pippini
243 1133 467 1202 reverteretur,
491 1128 626 1209 pignora
647 1127 858 1209 reliquiarum
881 1127 967 1192 beati
989 1129 1126 1192 Servatii
1150 1151 1223 1193 con-

89 1211 223 1275 fessoris
247 1233 413 1275 assumens
437 1233 544 1276 secum
568 1212 695 1290 detulit,
718 1213 912 1296 veniensque
935 1213 976 1276 ad
999 1215 1084 1277 huno
1107 1216 1222 1292 locum,

88 1295 274 1361 aedificavit
309 1296 476 1361 basilicam
512 1299 545 1360 in
581 1297 701 1361 honore
736 1299 838 1378 ipsius
875 1298 1067 1364 confessoris
1103 1299 1223 1364 Christi

89 1383 184 1446 iuxta
206 1382 395 1447 aecclesiam
420 1384 506 1447 beati
529 1384 683 1466 principis
707 1384 925 1466 apostolorum
949 1385 1037 1448 Petri
1064 1384 1106 1448 ad
1128 1387 1224 1449 meri·

88 1468 223 1532 dianam
252 1468 395 1533 eiusdem
426 1469 601 1532 aecclesiae
630 1469 767 1551 plagam.
814 1470 850 1533 ln
877 1491 941 1552 qua
969 1471 1122 1535 solarium
1150 1492 1223 1535 con-

89 1553 189 1634 didit,
219 1554 265 1617 ita
287 1561 324 1619 ut
345 1576 403 1636 per
425 1553 544 1636 gradm
567 1575 694 1618 sursum
718 1554 960 1634 ascenderetur,
992 1556 1223 1638 collocavitque

88 1639 139 1702 ibi
169 1639 273 1702 altare
304 1661 417 1715 unum,
448 1641 482 1703 in
509 1660 573 1722 quo
601 1639 640 1703 de
662 1639 808 1722 reliquiis
839 1641 998 1723 praedicti
1029 1643 1224 1706 confessoris

89 1724 213 1789 Christi
242 1726 359 1808 posuit.
413 1725 482 1802 Quo
512 1726 545 1789 in
574 1725 644 1790 loco
674 1725 715 1788 ob
745 1726 895 1790 meritum
921 1727 1064 1792 eiusdem
1094 1727 1224 1791 almifici

90 1809 286 1875 confessoris
304 1811 462 1892 plurimae
477 1831 496 1872 a
510 1810 646 1873 Domino
665 1817 812 1893 patratae
829 1819 977 1876 constant
996 1813 1064 1876 fore
1079 1814 1222 1877 virtutes.

88 1894 184 1976 Nam,
209 1902 245 1959 ut
264 1917 281 1959 e
300 1897 448 1978 plurimis
468 1918 567 1959 unum
587 1896 756 1978 proferam,
781 1896 914 1976 lampae,
935 1918 1018 1978 quae
1036 1917 1146 1961 coram
1165 1919 1224 1961 ara

89 1980 188 2044 huius
218 1980 371 2045 basilicae
400 1980 615 2063 dependebat,
646 1989 816 2062 postquam
847 1983 946 2045 semel
977 1981 1092 2046 exinde
1122 1984 1155 2045 in
1185 2004 1224 2046 ea

87 2068 229 2149 positum
261 2066 338 2142 fuit,
369 2075 481 2150 sponte
512 2067 669 2147 liquorem
698 2068 760 2130 olei
787 2068 820 2129 in
847 2088 908 2130 usu
940 2066 1106 2146 lucernae,
1134 2068 1223 2130 nullo

91 2153 260 2235 quippiam
296 2151 471 2231 adiciente,
508 2174 565 2236 per
599 2151 754 2235 plurimos
791 2153 932 2215 manavit
968 2173 1081 2228 annos,
1122 2153 1222 2216 donec

89 2237 221 2320 quidam
245 2237 399 2316 latomuS,
429 2239 513 2302 sicut
542 2237 699 2302 relatione
726 2237 918 2301 venerabilis
945 2237 1113 2302 cuiusdam
1137 2239 1223 2302 senis

89 2322 204 2403 didici,
229 2325 375 2406 quitum
399 2324 551 2406 temporis
574 2325 607 2385 in
630 2322 690 2387 hoc
713 2323 849 2404 degebat
877 2324 1086 2401 monasterie,
1111 2323 1221 2386 furtim

88 2408 164 2472 inde
191 2408 341 2488 abstulit,
371 2410 481 2491 sicque
503 2409 653 2490 deinceps
676 2408 716 2472 ob
739 2409 860 2492 piaculi
886 2409 1132 2490 huius2faoinus
1155 2429 1222 2472 ma·

88 2515 168 2557 nare
192 2494 297 2559 desiit.

176 2579 273 2643 Aliud
292 2600 418 2661 quoque
436 2579 645 2643 memorabile
668 2578 858 2642 miraculum
877 2579 953 2642 hnic
971 2580 1062 2660 operi
1080 2579 1222 2642 inserere

89 2664 292 2728 commodum
323 2665 409 2728 duxi.
462 2663 607 2741 Quodam
641 2663 778 2746 denique
809 2671 966 2745 tempore,
999 2664 1031 2727 id
1062 2670 1110 2728 est
1137 2683 1222 2726 anno

90 2749 272 2814 dominicae
294 2751 527 2814 incarnationis
551 2752 646 2828 754⁸,
674 2751 825 2832 quierat
850 2750 979 2833 Pippini
1007 2750 1092 2831 regis
1119 2770 1222 2812 annus
1316 2826 1321 2834 ι

89 2837 236 2919 quintus,
274 2836 431 2900 aecclesia
466 2835 552 2898 beati
588 2835 677 2898 Petri
712 2856 769 2917 per
806 2834 932 2918 culpam
969 2836 1113 2898 incuriae
1149 2835 1222 2916 igne

89 2927 234 2986 cremata
257 2928 317 2999 est,
341 2920 422 2985 haec
440 2928 548 2984 antem
569 2920 656 2984 beati
676 2920 812 2984 Servatii
827 2920 963 2984 basilica
981 2921 1133 3002 contigua
1152 2926 1224 2984 erat

88 3007 144 3070 illi.
177 3006 320 3088 Cumque
340 3007 516 3070 furentium
531 3004 735 3069 flammarum
753 3005 838 3086 globi
856 3005 924 3070 alta
942 3012 1096 3088 peterent,
1121 3006 1223 3087 aliqui

89 3114 130 3156 ex
158 3092 314 3157 fratribus
342 3090 382 3156 ad
410 3093 515 3175 ipsum
539 3092 643 3154 virum
665 3091 848 3173 religiosum
873 3090 1086 3169 Wandonem,
1110 3091 1222 3172 quiin

89 3176 204 3242 eadem
223 3179 417 3242 sanctissimi
435 3177 571 3242 Servatii
589 3176 726 3240 basilica
745 3175 916 3254 residebat,
937 3177 1093 3240 accedunt
1115 3196 1222 3239 mona-

89 3262 243 3345 bantque,
268 3270 303 3327 ut
325 3263 546 3345 egrederetur,
574 3267 761 3339 metuentes,
785 3263 862 3344 quia
884 3261 1061 3326 adherebat
1088 3261 1222 3342 siquae

90 3348 275 3412 incendium
298 3348 496 3432 paciebatur,
518 3369 558 3411 ne
575 3348 724 3411 similiter
742 3349 813 3429 igne
833 3353 1101 3411 concremaretur.
1134 3345 1222 3408 Tunc

89 3435 176 3499 idem
198 3435 247 3498 vir
264 3434 394 3498 Domini
412 3434 614 3515 respondisse
637 3433 753 3497 fertur:
777 3432 822 3496 ‘Si
843 3433 995 3514 potuerit,
1019 3453 1070 3496 me
1092 3430 1222 3513 quidem

90 3527 223 3584 sanctus
248 3519 411 3584 Servatius
435 3541 473 3583 ac
495 3519 663 3600 basilicam
686 3520 797 3598 istam,
824 3539 922 3600 quam
950 3517 1064 3581 devoto
1091 3520 1222 3598 pectore

90 3605 268 3686 aedificavi,
293 3605 334 3669 ab
353 3605 403 3669 his
421 3605 550 3687 ignibus
569 3603 697 3669 defendi
715 3604 829 3681 faciat;
844 3604 894 3666 sin
912 3623 997 3681 vero,
1016 3607 1129 3683 sponte
1148 3621 1221 3664 cum

89 3693 161 3774 ipsa
178 3691 358 3774 temporale
376 3691 485 3755 subire
503 3711 566 3753 non
584 3711 698 3754 recuso
716 3689 918 3753 incendium'.
956 3688 990 3750 ln
1006 3687 1116 3750 eadem
1131 3706 1221 3748 nam-

89 3798 151 3859 que
190 3776 338 3854 basilica,
377 3777 472 3840 sicuti
511 3774 649 3851 dixerat,
688 3775 827 3839 orationi
864 3775 1016 3838 insistens
1049 3769 1220 3849 remansit;

90 3869 268 3945 exustaque
298 3863 403 3926 sancti
424 3862 511 3925 Petri
539 3861 709 3935 aecclesia,
737 3860 817 3923 haec
842 3859 945 3922 inlesa
966 3859 1143 3940 permansit
1166 3855 1220 3917 ob-

90 3954 183 4011 tentu
205 3948 294 4012 beati
317 3948 453 4011 Servatii
480 3947 648 4030 praesulis.
693 3947 774 4009 Erat
804 3946 957 4026 *namque
989 3942 1073 4006 idem
1096 3940 1326 4004 Wandooas·

90 4040 215 4097 amator
228 4033 458 4097 aecclesiarum
482 4054 670 4114 semperque
686 4031 725 4095 de
744 4033 813 4112 lege
828 4030 958 4093 Domini
977 4027 1219 4092 meditationem

91 4140 187 4200 agere
210 4118 345 4184 volebat.

90 4220 112 4270 a)
126 4222 171 4260 vso.
187 4221 219 4259 ea.

92 4287 118 4353 l)
137 4289 172 4341 A.
186 4289 331 4343 741—752.
