2850 4896
297 283 412 338 GESTA
432 283 607 339 ABBATUM
626 285 989 339 FONTANELLENSIUM.
1189 287 1206 338 9

73 438 192 502 codicis
220 461 287 501 cum
317 439 449 501 editione
478 439 676 502 instituturus
686 439 706 501 ¹.
762 439 850 501 Hunc
881 438 1045 501 Gestorum
1073 440 1206 502 codicem

71 542 220 620 omnium,
239 542 293 624 qui
305 551 478 624 supersunt,
497 542 749 624 antiquissimum
764 542 942 604 accuratius
955 540 1081 619 secuti2,
1098 552 1206 625 partes

69 644 192 727 prioris
217 644 363 706 editionis
385 643 466 705 inibi
487 666 548 706 non
570 653 722 707 ecstantes
745 644 837 727 iresca
858 653 972 706 temtum
992 645 1207 728 relepaoimus,

70 755 106 806 ut
136 767 213 828 quoe
244 745 388 807 adhibuit
422 746 599 808 Daclzerius
633 747 914 831 manuscriptorum
947 748 1115 831 imapinem
1148 746 1205 808 lec-

70 847 189 910 toribus
208 848 420 931 praebeamus.

161 983 228 1055 Quo
255 1007 326 1047 uero
354 996 484 1066 tempore
517 986 707 1068 conscriptus
735 986 777 1047 sit
805 985 900 1048 cadeso
928 986 981 1048 ille
1013 986 1206 1049 uerierandae

71 1087 187 1148 aetatis
213 1086 288 1148 olim
310 1083 343 1148 S.
368 1087 605 1171 Wandrepisili‚
628 1110 708 1150 nunc
730 1088 914 1165 Haorensis,
939 1090 1017 1151 inter
1044 1089 1125 1150 artis
1147 1110 1206 1171 pa-

72 1188 312 1271 laeopraplticae
341 1189 548 1272 peritissimos
579 1190 664 1251 houd
694 1200 819 1252 constat.
873 1190 996 1253 Etenim
1032 1190 1206 1252 Betlmann

71 1290 195 1354 saeculo
219 1290 276 1352 XI.
291 1293 423 1369 eneunti,
459 1292 561 1353 Waitz
584 1301 611 1353 et
642 1291 847 1370 Wattenbaolr,
874 1293 984 1374 quibus
1006 1291 1205 1375 quorundam

72 1393 228 1479 linearum
245 1394 396 1476 specimen
419 1417 439 1454 a
459 1394 545 1456 nobis
563 1394 749 1457 delineatum
762 1397 991 1479 proposuimus,
1011 1395 1133 1457 saeculo
1147 1394 1204 1458 XI.

72 1487 193 1557 ineunti
226 1495 428 1579 scripturam·
445 1497 705 1581 assipnauerunt,·
745 1496 780 1558 L.
813 1498 932 1561 Delisle
967 1520 1036 1560 vero
1072 1497 1206 1559 codicem

72 1597 190 1660 saeculi
205 1596 243 1663 X.
268 1620 361 1660 manu
384 1608 549 1661 accuratum
570 1622 632 1661 esse
654 1600 785 1682 putavit,
808 1609 879 1662 teste
904 1599 1038 1662 Sicleelio
1061 1600 1096 1661 in
1119 1599 1207 1661 Actis

73 1698 264 1762 Karolorum
284 1700 334 1777 II,
358 1724 390 1783 p.
411 1702 494 1775 36&
520 1724 573 1762 nec
595 1701 724 1764 deerant
745 1724 798 1764 nec
821 1702 942 1778 desunt,
970 1703 1024 1784 qui
1050 1702 1116 1763 iam
1142 1723 1206 1764 sae-

73 1801 141 1863 culo
160 1802 217 1864 IX.
241 1825 308 1864 eum
331 1801 534 1868 attribuant3.
580 1804 619 1864 In
636 1812 726 1864 tanta
744 1804 962 1866 sententiarum
981 1803 1205 1886 discrepantia,

72 1903 204 1967 Delislii
226 1905 401 1987 opinionem
425 1928 470 1968 me
490 1906 635 1988 probare,
654 1905 798 1989 profiteri
820 1907 874 1968 uin
896 1907 1008 1970 ausim.

159 2039 306 2104 Aliorum
335 2063 405 2104 uero
435 2042 587 2119 codicum,
619 2063 749 2125 quorum
780 2042 922 2103 notitiam
955 2042 1063 2124 adepti
1092 2063 1205 2118 sumus,

73 2143 194 2205 nullam
216 2143 363 2206 dussimus
385 2145 536 2207 rationem
559 2144 745 2220 habendam,
768 2144 880 2226 quippe
902 2144 956 2225 qui
979 2143 1023 2203 ad
1044 2143 1206 2204 emendan-

73 2246 149 2308 dum
178 2255 292 2309 tentum
322 2247 406 2309 laud
435 2248 540 2309 idonei
567 2246 753 2309 uiderentur.
799 2243 878 2306 »Sum
908 2246 989 2306 enim
1019 2245 1068 2305 ni:
1103 2243 1206 2307 Coden

74 2347 147 2412 bibl.
172 2348 392 2411 Ambionensis
418 2372 467 2411 nr.
491 2349 553 2413 348
559 2397 569 2427 ‚
596 2350 774 2410 chartaceus
802 2348 836 2409 in
857 2347 961 2431 folio,
990 2369 1068 2410 saec.
1089 2345 1123 2406 Χ
1127 2345 1206 2425 VII,-

73 2450 114 2532 cf.
137 2450 311 2512 Betlcmann
334 2450 354 2513 l.
370 2451 389 2515 l.
412 2475 443 2534 p.
457 2451 542 2529 396;
564 2461 592 2513 et
617 2450 719 2514 Cedere
737 2449 807 2514 bibl.
827 2447 1052 2533 Burpundicae
1071 2447 1206 2511 Bruncel-

73 2552 168 2614 lensis
185 2575 233 2613 nr.
249 2552 343 2630 7818,
361 2574 439 2614 saec.
455 2552 488 2613 X
498 2553 565 2628 VII,
585 2557 633 2615 ‘en
656 2575 710 2617 ms.
730 2552 827 2615 ciart.
850 2553 886 2613 in
909 2574 956 2634 qu.
977 2550 1204 2627 Ilubeaeuallis,

73 2653 219 2716 collatum
247 2677 313 2716 cum
336 2678 390 2716 ms.
414 2655 440 2718 b.
461 2655 587 2717 Mariae
615 2655 649 2716 iu
672 2654 833 2717 Nazareth
859 2655 894 2716 in
916 2654 948 2714 P
958 2701 1079 2718 ......
1104 2652 1204 2715 Mori-

73 2757 178 2817 nensis
205 2755 349 2834 diocesis,
377 2756 457 2839 quood
483 2780 563 2819 nunc
590 2767 633 2818 est
661 2757 693 2817 iu
716 2757 844 2841 callepio
871 2778 928 2818 soc.
953 2757 1021 2818 Iesu
1049 2755 1207 2833 Tornaci',·

74 2857 115 2940 cf.
140 2858 314 2920 Betlemann
338 2858 357 2920 l.
375 2859 439 2942 lp.
459 2859 532 2924 506.

166 2994 343 3057 Uberrimis
369 2995 488 3057 Pertzii
513 2997 603 3070 notis,
633 2995 744 3078 quibus
770 2997 935 3059 editionem
961 3019 1048 3059 suam
1076 2996 1206 3080 locuple-

74 3097 163 3174 tavit,
192 3096 277 3158 olias
306 3096 477 3159 adiecimus
506 3098 626 3159 autad
655 3099 790 3160 locorum
818 3109 1021 3182 temporumve
1050 3098 1206 3182 sipnifica-

74 3195 193 3261 tiones4
216 3209 270 3259 aut
297 3199 340 3260 ad
366 3221 425 3275 res,
453 3222 530 3282 quae
557 3209 740 3277 narrantur,
766 3201 959 3284 pertinentes.
1005 3200 1110 3284 Neque
1136 3222 1206 3262 uero

74 3300 186 3362 litteris
211 3300 389 3362 initialibus
411 3301 553 3363 iudicare
580 3304 785 3364 necessarium
818 3305 1007 3386 putavimus,
1038 3326 1114 3387 quae
1141 3303 1206 3364 cui-

75 3425 130 3485 que
161 3412 250 3465 notae
281 3402 462 3482 debeantur,
494 3405 626 3487 exceptis
655 3406 823 3488 perpaucis
853 3405 983 3483 Valesii,
1012 3404 1204 3482 Mabillonii,

75 3505 236 3588 Bouqueti.

76 3712 100 3772 1)
120 3711 339 3776 Descriptionem
358 3710 472 3776 codicis,
496 3712 525 3763 in
547 3727 599 3779 quo
620 3711 719 3764 indeo
737 3711 784 3775 fol.
800 3710 856 3764 152.
876 3712 914 3764 ad
930 3712 977 3776 fol.
991 3713 1049 3764 218.
1064 3710 1148 3764 Gesta
1170 3711 1204 3762 Ie·

73 3801 183 3861 cuntur,
201 3795 275 3848 edidi
290 3796 319 3847 in
333 3794 436 3848 ‘Neues
449 3795 561 3850 Archio’
578 3798 631 3862 IX,
649 3813 675 3861 p.
690 3796 741 3850 368
748 3812 802 3864 sqq.
853 3796 879 3861 2)
900 3797 945 3849 Ita
959 3801 1056 3857 tamen,
1071 3801 1102 3847 ut
1114 3795 1164 3847 ubi
1176 3796 1204 3846 in

76 3880 163 3933 codice
189 3882 266 3934 modo
294 3896 324 3932 ae
351 3883 391 3934 uel
418 3899 432 3951 e
459 3883 536 3935 modo
560 3899 573 3935 c
596 3883 711 3950 ponitur
737 3897 768 3933 ae
795 3880 879 3947 (prae)
906 3882 947 3934 uel
972 3895 1002 3932 oe
1030 3878 1204 3942 (coenobium)

74 3967 269 4032 secluserimus.
339 3970 365 4032 3)
386 3969 427 4035 Of.
443 3970 514 4024 Gall.
530 3968 590 4022 Clu.
602 3969 654 4028 XI,
672 3968 757 4020 Iustu.
772 3982 801 4031 p.
817 3967 840 4018 1.
860 3972 885 4018 et
903 3966 1004 4018 ‘Neues
1022 3964 1132 4018 Arellio*
1148 3965 1205 4028 IX,

73 4067 101 4116 p.
113 4052 171 4104 367.
237 4051 264 4118 4)
285 4054 363 4116 Quod
381 4056 475 4108 adres
489 4054 697 4120 topoyraptticas
712 4053 812 4113 attinet,
831 4057 876 4105 sot
888 4056 928 4103 est
944 4051 1066 4103 lectorem
1079 4065 1206 4102 reuocare

42 4174 45 4179 Δ
76 4136 112 4187 ad
126 4139 369 4191 commentationem
383 4156 465 4204 quam
483 4140 567 4192 edidit
584 4139 624 4191 Le
642 4138 772 4191 Prinost:
798 4133 962 4188 ‘Anciennes
980 4135 1112 4188 diuisious
1129 4137 1205 4187 terri·

74 4222 184 4274 torialcs
206 4223 239 4275 de
261 4224 289 4275 la
306 4223 497 4287 Narmandie’,
520 4225 549 4275 in
567 4222 719 4276 ‘Annuaire
741 4221 887 4288 tristemque
902 4237 975 4287 pour
993 4220 1099 4274 Z'annle
1119 4220 1204 4274 1838!

74 4321 101 4371 p.
115 4308 164 4360 231
179 4324 217 4375 sq.
