2850 4896
321 295 435 350 unsel
455 294 630 351 ABBATUM
649 294 1013 350 FONTANELLENSIUM.
1198 300 1231 353 23

100 452 216 514 lestem
233 450 348 533 dignus
361 453 561 533 reciperetur
580 451 682 528 hereS,
702 463 821 533 parvo·
838 450 1039 533 aegritudine
1054 457 1221 534 correptus

101 537 271 616 decubuit,
302 558 359 600 nec
389 537 491 601 multo
520 544 594 619 post
624 557 759 619 corpore
789 537 896 600 soluta
925 538 1047 614 anima,
1076 537 1231 619 perhenni

101 624 264 705 particeps
302 623 407 686 factus
436 631 484 687 est
513 623 673 688 felicitati.
719 622 907 703 Contigerat
935 622 1102 704 deniquel,
1134 624 1167 686 in
1197 646 1235 689 ea

101 709 184 772 hora
207 730 271 789 qua
293 710 362 790 ipse
383 708 502 772 Christi
525 709 666 773 famulus
689 708 787 772 rebus
807 709 944 772 excessit
966 708 1115 772 humanis
1138 731 1230 791 prae-

100 794 224 857 dictum
260 795 423 875 egregium
459 803 582 876 patrem
616 795 793 875 Benignum
828 796 860 857 in
899 794 1056 858 aecclesia
1092 797 1232 858 orationi

101 880 259 943 secretius
282 881 439 945 insistere.
490 880 578 944 Tunc
608 902 691 944 unus
720 902 758 943 ex
787 881 944 944 ministris
973 881 1098 944 concito
1128 881 1230 962 gradu

101 966 238 1030 eundem
261 972 384 1048 patrem
405 966 487 1029 adiit
509 966 758 1048 fundentemque
781 968 919 1030 Domino
941 987 1052 1048 preces
1072 966 1139 1030 solo
1158 989 1231 1050 pro-

101 1058 242 1115 stratum
272 1053 304 1114 in
334 1052 490 1116 aecclesia
519 1054 674 1134 repperit;
704 1074 840 1134 cumque
870 1053 991 1116 diutius
1020 1054 1054 1116 in
1082 1053 1231 1134 precibus

100 1138 306 1220 persisteret,
342 1137 443 1202 isdem
477 1139 622 1201 minister
652 1139 785 1220 propius
818 1139 971 1216 accessit,
1008 1139 1231 1221 extemploque

101 1224 288 1306 praedictus
307 1230 400 1305 pater
418 1224 560 1287 indicare
575 1225 637 1288 sibi
652 1224 775 1305 aliquid
789 1224 869 1287 velle
887 1227 1059 1306 persensit;
1083 1246 1230 1307 surgens-

100 1330 165 1391 que
187 1310 229 1373 ab
249 1311 404 1387 oratione,
422 1310 614 1389 sciscitatur,
633 1310 711 1392 quid
730 1316 908 1392 quaereret.
940 1312 981 1373 At
998 1309 1065 1373 ille:
1086 1310 1230 1389 ‘Frater’,

101 1397 216 1477 inquit,
241 1395 340 1477 ‘Baga
359 1397 529 1459 consortiis
548 1396 751 1460 subtrahitur
774 1397 941 1462 humanis'.
981 1396 1023 1459 At
1039 1397 1230 1460 venerabilis

101 1489 209 1562 pater,
239 1481 335 1563 longa
364 1503 402 1544 ex
429 1483 493 1544 imo
523 1483 663 1564 pectoris
692 1481 825 1545 trahens
854 1483 1009 1565 suspiria,
1039 1481 1118 1545 talia
1145 1482 1229 1546 infit:

102 1566 140 1630 ιΟ
164 1567 296 1648 signifer
318 1567 492 1632 fortissime
516 1568 637 1631 Christi
660 1568 795 1631 militiae
817 1568 921 1649 Baga,
946 1589 1029 1631 nunc
1052 1568 1230 1632 mercedem

102 1653 250 1716 laborum
265 1653 370 1716 laetus
385 1655 548 1735 exceperis
563 1660 707 1731 tuorum;
728 1654 900 1736 deprecare
915 1654 1044 1717 Ihesum
1058 1654 1230 1738 benignum

102 1738 275 1817 dominum,
291 1744 328 1801 ut
340 1760 405 1802 una
419 1746 525 1803 tecum
539 1761 720 1804 mereamur
732 1739 873 1822 gaudere
888 1741 1058 1804 consortiis
1072 1741 1229 1804 iustorum

100 1845 160 1908 per
186 1825 297 1888 evum'.
343 1824 434 1889 Unde
461 1825 548 1888 haud
575 1826 708 1890 dubium
736 1833 798 1903 est,
827 1826 931 1890 eidem
957 1827 1043 1907 patri
1067 1826 1228 1906 divinitus,

102 1931 177 1974 cum
200 1911 365 1974 oratione⁰
390 1913 564 1988 assisteret,
592 1911 768 1976 revelatum
797 1911 875 1989 fore,
904 1918 941 1975 ut
967 1912 1115 1994 spiritum
1143 1912 1229 1976 illius

102 1996 209 2060 caelos
231 2003 453 2078 penetrantem
477 1998 587 2080 aliqua
610 2004 763 2079 exparte
786 2005 964 2061 mereretur
991 1998 1146 2078 aspicere,
1174 1999 1229 2080 qui

102 2083 150 2146 ita
172 2083 327 2145 auxilium
351 2084 450 2164 ipsius
473 2083 643 2165 flagitabat
665 2085 697 2145 in
720 2105 823 2165 prece.
869 2083 1015 2164 Denique
1034 2105 1122 2146 more
1145 2105 1229 2147 mor·

102 2176 232 2231 tuorum
252 2169 458 2250 compositus,
482 2169 578 2251 digno
597 2170 630 2232 in
653 2169 724 2232 loco
744 2169 927 2250 sepulturae
946 2170 1148 2251 mancipatus
1171 2176 1228 2235 est.

102 2253 222 2335 Magna
245 2256 329 2318 euim
353 2256 445 2338 copia
468 2256 500 2318 in
524 2256 618 2319 huius
636 2256 740 2337 patris
763 2255 1052 2320 amministratione
1073 2255 1229 2318 nobilium

102 2341 244 2404 virorum
267 2341 329 2405 hoc
351 2342 384 2403 in
407 2342 561 2406 coenobio
584 2343 700 2406 extitit.

439 2535 467 2595 6.
505 2529 557 2593 Ι)θ
587 2530 755 2593 Arlauno
785 2529 892 2594 silva.

188 2666 272 2730 Huic
294 2666 436 2748 Benigno
459 2666 570 2730 abbati
594 2666 730 2746 largitus
754 2671 802 2729 est
821 2665 1022 2747 Dagobertus
1044 2688 1100 2729 rex
1122 2667 1228 2729 iunior

103 2759 251 2837 quartam
274 2758 397 2835 partem
419 2752 458 2817 de
476 2752 638 2816 Arlauno¹
662 2752 788 2828 foreste,
816 2771 901 2814 anno
925 2753 1036 2834 quinto
1059 2752 1227 2833 reguiam,

103 2845 291 2921 suggerente
322 2837 509 2901 Teodald0²
538 2840 657 2902 maiore
690 2837 803 2901 domus
835 2837 956 2919 regiae,
986 2859 1043 2920 per
1075 2838 1148 2901 loca
1175 2838 1228 2902 de-

104 2926 238 3006 signata,
261 2924 294 2987 id
317 2931 366 2988 est
383 2946 440 3007 per
459 2925 666 3001 Quintionem
686 2930 835 3002 montem,
854 2923 967 2986 deinde
985 2945 1042 3007 per
1061 2925 1225 2989 Petrosam

104 3011 227 3089 vallem,
251 3017 283 3074 et
304 3010 417 3073 exinde
444 3031 502 3091 per
523 3009 721 3073 Profundum
747 3009 870 3088 vallem,
897 3031 1019 3074 necnon
1046 3011 1144 3073 etiam
1171 3031 1227 3091 per

104 3097 418 3161 Mortuum-vaccam.
463 3096 554 3159 Aliae
573 3117 646 3158 vero
670 3095 907 3160 terminationis
930 3094 1009 3159 fines
1028 3101 1140 3159 sunta
1163 3103 1226 3159 ter-

103 3183 189 3246 mino
219 3181 335 3245 Itcinse
363 3183 402 3245 de
433 3183 515 3245 valle
546 3181 686 3245 'fabellis
712 3202 769 3264 per
798 3181 887 3244 illum
915 3180 1020 3245 lacum
1057 3182 1111 3263 qui
1139 3181 1227 3244 vadit

103 3268 144 3331 ad
167 3268 271 3330 locum
301 3268 355 3349 qui
381 3273 584 3350 nuncupatur
607 3266 940 3349 Caput-caballinum,
968 3266 1041 3330 inde
1068 3266 1111 3330 ad
1137 3267 1224 3330 illam

103 3354 260 3417 salcosam
285 3356 455 3417 cisternam
478 3375 560 3436 quae
583 3352 702 3416 dicitur
726 3353 887 3430 Sarcovos,
911 3353 1049 3435 indeque
1067 3352 1109 3415 ad
1127 3352 1226 3416 Tene-

103 3440 223 3503 bricam
246 3439 428 3502 valliculam
451 3439 492 3504 ad
518 3440 682 3503 dexteram
707 3459 835 3502 manum
856 3460 914 3521 per
934 3439 1085 3503 verticem
1110 3439 1226 3502 montis

104 3547 202 3607 usque
217 3525 257 3588 ad
272 3525 463 3606 profundam
479 3525 591 3589 vallem
603 3546 685 3606 quae
695 3523 1071 3589 diciturMortua-vacca.
1102 3524 1226 3587 Deinde

102 3633 158 3694 per
177 3611 300 3675 Casalis
328 3633 428 3692 usque
456 3611 498 3673 ad
520 3610 599 3674 fines
622 3611 849 3674 Bovaricenses
872 3611 904 3672 in
928 3610 1041 3674 dextra
1063 3632 1121 3694 per
1141 3632 1225 3673 sum-

103 3718 189 3759 mum
228 3697 313 3760 illius
348 3695 515 3779 pigatum3
555 3704 717 3760 exsertum
747 3696 865 3778 *usque
903 3696 944 3758 ad
979 3696 1058 3759 fines
1094 3695 1224 3759 Glacco-

103 3781 259 3848 linsesll.
304 3782 427 3845 Deinde
456 3804 513 3865 per
541 3782 631 3845 illum
664 3782 885 3845 mansionilem
920 3782 976 3863 qui
1004 3789 1138 3845 vocatur
1166 3782 1225 3846 Po-

102 3869 239 3932 maritus
269 3867 353 3931 infra
379 3869 480 3950 ipsam
509 3868 656 3931 forestem
687 3868 916 3944 llrnlaunum5,
945 3874 976 3929 et
1004 3873 1050 3930 est
1076 3888 1133 3949 per
1155 3867 1224 3929 loca

102 3987 124 4039 a)
140 3992 194 4036 poet.
208 4000 261 4028 corr.
276 3999 344 4035 parva
357 4000 375 4026 c.
415 3988 438 4038 b)
453 3990 507 4027 enter
520 3987 613 4036 donique
627 3991 645 4026 et
657 3989 680 4027 ln
694 3988 748 4026 duee
762 3989 840 4027 litterae
853 3986 910 4036 (utf)
923 3998 993 4026 erucae
1007 3990 1056 4025 ruat
1070 3998 1087 4025 θ.
1128 3984 1149 4036 θ)
1162 3988 1192 4024 eie
1206 3997 1223 4024 e.

103 4039 125 4090 d)
138 4039 299 4080 Glaccollnsem
313 4053 331 4078 c.

104 4127 129 4191 1)
148 4124 272 4191 Luserit
289 4127 322 4180 de
336 4127 479 4180 Bretouae.
515 4123 618 4188 Boua.
688 4126 714 4185 2)
733 4126 850 4191 Papae
862 4126 904 4178 ΙΙ.
922 4133 1023 4192 nepote.
1092 4124 1119 4190 3)
1140 4125 1223 4179 Cucu-

103 4211 170 4262 men,
188 4197 206 4248 i.
219 4214 243 4263 q.
256 4195 323 4262 pico,
341 4196 391 4261 pic.
452 4195 479 4260 4)
499 4196 579 4248 Finis
593 4194 769 4260 Gleccaisera
788 4195 864 4248 haud
876 4196 951 4261 lappe
965 4212 983 4247 a
996 4194 1062 4259 fisco
1076 4195 1223 4260 Arrianae,

103 4271 266 4317 memoratur
288 4265 317 4316 ia
340 4265 405 4330 dipl.
427 4264 519 4329 spurio
546 4263 706 4316 Theoderici
729 4264 789 4328 III,
811 4264 889 4330 Dipl.
913 4264 1017 4316 Meroe.
1038 4279 1066 4329 p.
1081 4265 1145 4326 190,
1167 4264 1184 4314 l.
1198 4263 1224 4315 3.

103 4330 129 4397 5)
149 4333 194 4385 Ad
211 4332 353 4399 Sequanae
371 4333 476 4386 ostium.
