2850 4896
143 264 175 316 18
362 260 476 316 ansul
495 259 671 316 ABBATUM
690 259 1051 317 FONTANELLENSIUM.

142 418 297 481 bonitatis
326 437 403 479 suae
430 437 528 498 opera
557 438 640 498 quae
667 418 767 498 gessit
793 418 889 480 etiam
918 437 1054 498 corpora
1082 422 1268 480 sanctorum

145 503 379 584 Wandregisili,
403 503 554 566 Ansberti
576 509 673 585 atque
697 503 888 566 Wulframni
912 503 944 564 in
966 504 1156 567 aecclesiam
1180 503 1270 566 beati

244 642 304 692 ceps
331 640 378 691 per
404 623 553 677 invidorum
586 625 707 678 consulta
736 624 922 677 admirabilem
950 623 1112 677 Ansbertum
1144 624 1177 677 de
1211 623 1271 677 sede

243 694 465 759 Rothomagensis
488 693 614 746 ecclesiae
637 694 775 759 expulerat
797 696 877 761 atque
897 692 930 745 ad
949 694 1057 746 exilium
1076 693 1221 752 direxerat,
1244 693 1270 744 in

262 780 295 815 uo
321 761 404 814 isdem
437 762 560 828 agonista
591 761 695 815 divinus
722 762 756 814 ad
788 765 925 814 aeternam
951 763 1115 828 migraverat
1144 762 1270 830 requiem.

243 781 360 899 dumque
384 829 519 897 praefatus
542 831 664 897 princeps
686 831 786 883 multas
809 833 955 883 sanitatum
976 831 1090 884 virtutes
1113 830 1221 883 audiret
1238 830 1270 882 ab

243 917 273 953 eo
292 900 359 961 fieri,
383 899 553 951 reminiscens
572 901 710 965 culparum
728 916 842 961 suarum,
867 900 899 952 ob
919 899 1036 952 eiusdem
1055 899 1152 952 militis
1171 896 1271 952 Christi

244 985 357 1021 amorem
378 984 408 1020 ac
426 969 610 1029 reverentiam,
636 968 768 1036 simulque
792 971 822 1020 nt
845 967 1041 1035 indulgentiam
1066 972 1213 1020 mereretur
1231 980 1270 1020 ac-

243 1039 338 1104 cipere,
361 1037 410 1089 hoc
429 1036 583 1089 coenobium
603 1036 754 1089 aedificavit
775 1054 880 1105 unaque
900 1053 958 1088 cnm
981 1037 1103 1090 omnibus
1122 1036 1200 1089 rebus
1218 1037 1270 1088 suis

242 1107 304 1159 huic
323 1106 446 1159 coenobio
465 1105 633 1158 Fontinellae
651 1106 845 1172 perpetualiter
858 1105 972 1158 tradidit
991 1105 1185 1172 possidendum.
1222 1104 1271 1157 Sed

244 1176 276 1229 de
299 1176 347 1229 hoo
373 1174 568 1236 monasteriolo,
594 1175 711 1295 gualiter
740 1176 767 1227 in
792 1177 952 1240 potestatem
977 1175 1060 1241 ipsius
1086 1174 1271 1242 gloriosissimi

243 1244 316 1297 ducis
335 1244 426 1310 Pipini
444 1243 583 1296 redactum
612 1243 689 1305 uerit,
708 1243 855 1296 declarabo.

194 1313 230 1378 (2)
296 1313 347 1365 Hic
375 1329 490 1381 namque
517 1313 588 1364 locus
615 1313 744 1378 possessio
771 1311 859 1364 luerat
886 1314 965 1364 antea
994 1311 1129 1364 cuiusdam
1157 1311 1271 1364 illustris

243 1382 294 1434 viri
313 1382 355 1433 cui
373 1397 468 1433 nomen
493 1383 551 1434 erat
570 1381 715 1442 Fraericns‚
735 1380 781 1449 qui
799 1381 886 1446 ipsum
905 1380 1064 1441 Floriacum,
1088 1380 1152 1433 licet
1170 1379 1271 1432 modico

243 1466 328 1516 opere,
347 1451 374 1502 in
394 1466 439 1502 suo
457 1450 564 1515 proprio
579 1467 594 1502 a
608 1448 790 1502 fundamentis
808 1450 955 1502 construxit
972 1450 1001 1501 in
1019 1448 1145 1501 honorem
1162 1451 1271 1501 sanctae

244 1517 349 1581 Annae,
381 1519 467 1571 sancti
493 1517 569 1570 Petri
597 1521 625 1570 61
656 1520 742 1571 sancti
774 1517 885 1579 Auiani,
914 1522 941 1570 61
967 1518 1156 1570 xenodochium
1182 1516 1271 1570 decem

242 1604 389 1654 pauperum
416 1586 455 1639 ibi
483 1587 635 1646 constituit;
665 1587 711 1639 ubi
739 1587 854 1655 largitus
882 1590 922 1639 est
949 1586 1013 1639 duas
1038 1589 1128 1653 partes
1156 1585 1188 1638 de
1216 1586 1272 1652 ipso

243 1657 377 1719 Floriaco,
400 1655 528 1708 similiter
550 1656 582 1708 de
606 1656 673 1708 villa
691 1656 745 1709 alia
764 1672 831 1723 quae
850 1655 949 1708 dicitur
966 1655 1099 1717 SalcidnS,
1123 1653 1272 1708 61116666-

243 1726 337 1791 pium³
361 1725 407 1793 qni
425 1725 525 1777 dieitur
543 1725 742 1787 Fuscinoonrte,
766 1728 794 1777 61
813 1725 845 1777 (16
864 1724 1012 1777 Fontanido
1030 1725 1140 1777 tertiam
1158 1727 1272 1789 partem,

243 1811 344 1847 necnon
363 1798 391 1847 et
409 1794 463 1846 alia
481 1793 599 1859 praedia.
636 1792 710 1856 Quod
729 1797 818 1846 actum
838 1809 892 1845 esse
912 1796 1016 1846 constat
1033 1793 1081 1845 sub
1096 1809 1164 1845 anno
1179 1792 1273 1860 quinto

244 1865 374 1929 regnante
392 1861 552 1915 Theoderico
570 1879 640 1930 rege.
677 1861 805 1931 Sequenti
820 1878 923 1930 quoque
937 1865 1065 1928 tempore,
1084 1861 1147 1913 dum
1159 1860 1273 1927 Pipinus

243 1933 365 1998 princeps
384 1931 548 1998 singularem
563 1932 722 1983 Francorum
743 1931 924 1998 principatum
938 1930 1107 1988 obtinuisset,
1127 1929 1274 1995 superatob

244 2000 403 2053 Theoderico
427 2016 488 2067 rege
513 2002 541 2052 61
558 2000 684 2052 Berhario
703 2001 802 2053 maiore
826 1999 925 2061 domus,
949 1999 1115 2065 saepedictus
1134 1998 1274 2051 Fraericus

243 2069 409 2135 praedictum
428 2068 578 2121 Floriacum
602 2069 688 2121 eidem
711 2067 888 2130 contradidit,
911 2084 942 2120 ea
960 2067 1085 2120 videlicet
1103 2067 1218 2129 ratione,
1242 2069 1275 2118 ut

243 2138 272 2189 in
295 2137 389 2190 maiori
414 2137 551 2204 elegantia
568 2138 656 2204 ipsum
675 2138 760 2190 locum
780 2137 940 2190 sublimaret
958 2153 988 2189 ac
1006 2136 1195 2189 monachornm
1214 2151 1274 2188 con-

244 2206 432 2274 gregationem
451 2205 551 2258 ibidem
570 2207 756 2268 constituerct;
775 2206 843 2274 qnod
857 2206 938 2258 itaet
952 2205 1051 2258 factum
1067 2207 1115 2257 est.
1151 2204 1274 2272 Denique

244 2278 381 2328 evocatum
400 2275 487 2340 ipsum
506 2275 686 2328 venerabilem
705 2277 809 2341 patrem
828 2274 899 2327 idem
917 2275 1039 2341 princeps
1055 2274 1104 2326 hoc
1118 2273 1274 2326 coenobium

244 2343 383 2397 aedificare
407 2344 485 2396 iussit
503 2347 683 2412 rectoremque
703 2343 854 2404 constituit,
880 2343 949 2395 sicut
968 2343 995 2395 in
1019 2342 1171 2410 largitione,
1190 2358 1273 2409 qnam

245 2412 276 2465 de
295 2413 352 2479 ipso
371 2413 464 2465 locello
482 2412 543 2464 huic
561 2413 722 2466 monasterio
741 2411 833 2473 edidit,
852 2412 981 2478 scriptum
1000 2410 1055 2464 fore
1074 2414 1187 2464 constat.
1228 2409 1274 2462 Sic

243 2482 313 2534 enim
345 2482 417 2534 inter
448 2484 552 2534 caetera
575 2482 705 2534 insertum
735 2480 792 2533 illic
821 2481 964 2546 reperitur:
1001 2481 1055 2533 Ubi
1083 2480 1274 2534 constituimus

243 2552 333 2602 cicuta
355 2557 496 2603 61666666
520 2557 545 2602 61
567 2551 624 2603 Dei
648 2552 774 2604 66116666
802 2550 928 2602 (16666666
951 2550 1075 2602 Ruinam
1102 2549 1193 2616 ipsam
1215 2564 1273 2601 666·

243 2626 326 2673 torem
353 2619 511 2672 (6666616661
536 2619 758 2683 Fontioelleosz's,
786 2635 818 2671 66
844 2618 966 2670 uidelicet
991 2618 1155 2678 conditione,
1183 2622 1215 2669 61
1238 2633 1274 2669 ecc

240 2688 370 2755 praefato
390 2689 552 2741 6666616616
570 2688 725 2741 1161166116
743 2693 805 2752 post
820 2702 956 2740 recessum
974 2687 1094 2739 61666166(
1112 2686 1200 2738 Boioi
1217 2685 1274 2751 ipsi

244 2757 371 2810 6666666161
387 2757 416 2809 tu
434 2757 494 2821 ipso
508 2757 637 2811 Floriano
656 2757 780 2809 66666116
798 2756 972 2809 consistentes
990 2755 1064 2807 66661
1080 2762 1197 2820 tempore
1214 2769 1271 2807 rec-

245 2833 314 2878 tores
341 2831 366 2877 et
390 2825 584 2891 gubernatores
610 2826 729 2878 babeant
754 2831 780 2877 61
805 2825 854 2877 suh
882 2840 973 2877 666666
1001 2824 1100 2876 ditione
1124 2823 1224 2877 6661616
1248 2828 1275 2875 61

239 2894 346 2961 futuris
368 2895 533 2960 temporibus
554 2898 731 2959 permaneant
753 2894 845 2946 616616
863 2899 958 2946 aestro
976 2909 1009 2946 ac
1027 2893 1151 2945 1666661666
1169 2897 1273 2944 666166-

244 2981 308 3016 6666
326 2961 479 3028 defensioue
497 2965 560 3029 ipsu
577 2962 1084 3027 1666666666116616666166666161661.
1119 2959 1216 3014 Actum
1231 2961 1273 3012 est

245 3049 314 3085 anno
328 3030 481 3084 duodecimo
495 3034 625 3098 regnante
639 3028 814 3083 Hildebertol
833 3046 903 3096 rege.
934 3031 967 3083 In
981 3047 1032 3098 quo
1046 3033 1175 3082 conventu
1189 3030 1273 3081 inter-

245 3100 297 3152 fuit
315 3099 386 3152 idem
405 3100 610 3166 gloriosissimus
628 3100 751 3165 princeps
770 3101 798 3152 et
812 3099 909 3151 nobilis
924 3099 1035 3151 coniunx
1049 3098 1105 3150 eius
1119 3096 1273 3150 Plectrudis

143 3177 179 3226 *6.
190 3178 235 3215 276-
246 3169 348 3237 filiique
373 3169 479 3221 *corum
503 3168 592 3236 Drogo
616 3171 643 3221 61
663 3167 828 3222 Grimoldus
851 3167 952 3234 Grippo
974 3170 1001 3219 ct
1024 3167 1072 3219 alii
1094 3165 1204 3232 plurimi
1227 3183 1273 3218 no-

245 3238 313 3290 biles
331 3238 390 3290 viri.
432 3236 560 3305 Largitus
579 3240 619 3289 est
638 3240 728 3290 autem
747 3253 815 3290 anno
828 3235 981 3288 Hildeberti
998 3235 1069 3302 regis
1088 3251 1155 3288 nono
1171 3234 1273 3287 ibidem

245 3307 338 3359 villam
369 3307 442 3358 cuius
472 3309 513 3359 est
539 3306 695 3359 vocabulum
724 3305 875 3366 Terminus,
905 3321 972 3372 quae
999 3305 1052 3356 sita
1079 3305 1120 3356 est
1147 3303 1174 3355 in
1201 3319 1273 3369 pago

246 3373 436 3435 Belloacensi²‚
455 3375 512 3441 ipso
530 3375 573 3428 die
591 3375 672 3427 tertio
692 3374 828 3427 Nonarum
848 3374 947 3436 Martii,
966 3372 1111 3426 indictione
1130 3371 1273 3427 secundat

297 3443 373 3498 Anno
391 3461 452 3498 vero
465 3444 603 3497 undecimo
621 3442 736 3510 praefati
750 3443 821 3508 regis
835 3442 1002 3495 Walmonem
1017 3441 1118 3502 villam,
1137 3441 1274 3509 quaesita

246 3516 286 3567 est
309 3514 336 3566 in
359 3529 429 3580 pago
447 3513 624 3574 Belloacensi,
648 3515 675 3565 et
697 3511 868 3564 Luciniacum
891 3512 919 3564 in
941 3510 1076 3563 territorio
1094 3509 1273 3563 Vilcasinensi

246 3582 331 3635 eidem
346 3582 404 3635 dele
426 3582 482 3634 avit
495 3581 619 3634 coenobio
633 3581 681 3633 sub
696 3580 739 3633 die
754 3580 855 3633 decimo
865 3579 1045 3633 Kalendarum
1055 3576 1272 3631 Novembriumt.

297 3649 374 3703 Anno
416 3651 499 3702 ecimo
522 3650 603 3702 tertio
626 3648 743 3715 praefati
766 3649 837 3715 regis
856 3649 969 3701 contulit
986 3648 1039 3713 ipsi
1057 3647 1181 3700 coenobio
1200 3647 1272 3699 idem

246 3720 362 3787 inclytus
374 3718 426 3771 dur
436 3719 530 3770 villam
543 3718 615 3770 cuius
628 3720 668 3770 est
679 3717 836 3770 vocabulum
848 3717 929 3776 Mala,
943 3717 1022 3769 sitam
1035 3717 1063 3768 in
1076 3732 1145 3783 pago
1155 3715 1272 3768 Madria-

247 3786 343 3851 censi5,
367 3787 410 3839 die
433 3785 608 3841 ratiatensi.
632 3785 760 3853 Augusti,
783 3785 850 3838 feria
873 3786 979 3853 quinta,
1003 3784 1148 3837 indictione
1171 3782 1272 3839 sexta⁶.

297 3856 395 3909 Eodem
419 3872 486 3908 anno
508 3853 644 3921 praefatus
667 3855 871 3922 gloriosissimus
894 3854 946 3906 dux
968 3853 1146 3920 Gamapium⁷
1168 3853 1270 3912 villam,

263 3942 313 3978 uae
331 3925 385 3977 sita
403 3927 444 3977 est
462 3925 489 3976 iu
507 3940 577 3990 pago
595 3922 738 3986 Vilcasino,
756 3922 918 3976 contradidit
935 3923 993 3988 ipso
1012 3922 1057 3974 die
1077 3921 1140 3974 Idus
1159 3920 1271 3987 Aprilis,

246 3942 313 4046 lenia
332 3993 433 4062 quinta,
452 3992 597 4045 indictione
615 3989 714 4045 sextat.

144 4089 165 4134 6)
180 4088 310 4136 Gamapium
325 4099 376 4125 corr.
391 4087 413 4124 in
425 4098 490 4138 mary.
505 4086 572 4125 Decb.
624 4086 647 4134 b)
661 4087 701 4126 sub
715 4086 759 4124 teto
775 4087 843 4124 Perta.

147 4165 463 4232 1)Η6’161666’66666.6“6
476 4162 686 4230 66669.1)ΑΟΗ.
747 4163 773 4226 2)
792 4164 832 4217 Le
844 4164 1016 4217 Beoavctsis.
1077 4162 1104 4229 3)
1123 4161 1164 4228 Cf.
1179 4163 1270 4215 Mulel-

145 4237 251 4297 16661666,
270 4235 336 4302 1169.
351 4237 421 4301 Imp.
435 4236 460 4296 Ι,
478 4251 519 4287 or.
536 4235 575 4286 ll.
652 4234 855 4295 61166612.
937 4234 964 4294 5)
983 4232 1100 4284 11661666.
1183 4231 1271 4297 (101.

147 4305 383 4358 Μ11161166616ν66.
400 4304 440 4356 19.
509 4301 535 4368 7)
555 4302 715 4356 (1666661666.
750 4369 754 4375 ἡ
784 4298 811 4365 8)
830 4299 1122 4354 Μ1116116661666666.18.
