2842 4912
230 313 264 366 so
454 311 566 365 unsri
585 309 764 366 isauron
782 280 1145 367 rournimnnuusruu.

466 464 518 526 De
541 462 777 527 dormitione
800 465 881 527 eius
904 465 941 527 in
965 464 1130 529 Christo.
1211 533 1215 537 ,

315 582 412 646 Rexit
447 589 557 646 autem
592 582 653 645 boc
689 579 884 645 coenobium
920 580 1005 644 idem
1041 581 1199 664 gloriosus
1233 585 1282 646 vir
1312 605 1368 666 per

230 686 331 730 annos
354 668 478 745 decem,
506 688 631 731 menses
661 668 819 749 quinque,
848 667 916 729 dies
941 668 989 732 18.
1039 666 1115 750 Ipso
1145 674 1289 749 tempore
1319 691 1368 733 re-

231 753 326 816 cessit
339 751 476 816 domnus
492 753 660 831 Ansigisus
675 751 838 816 dominica
851 751 1080 831 inlucescente,
1099 751 1152 815 die
1169 754 1217 817 13.
1234 753 1369 820 Ralend.

234 838 385 920 Augusti3
421 837 533 901 eodem
571 838 623 902 die
660 858 731 901 cum
767 835 845 901 fletu
881 836 1024 899 maximo
1059 837 1240 902 tumulatus
1277 845 1367 903 extra

233 920 401 986 basilicam
424 924 528 986 sancti
547 923 634 986 Petri
654 922 695 985 ad
715 921 931 1004 aquilonalem
954 922 1091 1004 plagam,
1115 923 1148 984 in
1171 924 1312 1005 porticu,
1336 926 1368 988 in

236 1027 300 1088 qua
322 1007 440 1072 fratres
464 1014 654 1072 conventum
678 1007 840 1071 celebrare
863 1007 950 1070 soliti
973 1014 1049 1072 sunt
1065 1027 1103 1071 ac
1122 1008 1280 1072 consultis
1301 1009 1367 1073 Deo

233 1091 337 1174 dignis
376 1113 471 1157 aures
512 1092 769 1170 accommodare3
815 1098 848 1155 et
891 1093 1028 1156 cessavit
1071 1093 1238 1176 regiminis
1278 1094 1367 1158 locus

232 1177 366 1259 triginta
388 1185 421 1242 et
443 1183 515 1242 octo
538 1178 678 1244 diebus*

366 1278 487 1342 FINIT
513 1279 648 1344 GESTA
671 1277 810 1344 DOMNl
828 1277 1013 1343 ANSIGISI
1036 1277 1225 1345 ABBATIS.

318 1432 367 1498 18.
397 1432 498 1496 Fulco
521 1431 713 1497 venerabilis
736 1430 896 1514 presbiter
919 1431 1062 1495 succedit
1089 1430 1131 1495 ab
1154 1452 1240 1495 anno
1263 1433 1368 1496 incar-

232 1517 370 1581 nationis
388 1515 569 1581 dominicae
588 1518 650 1582 835
660 1517 680 1595 ¹,
703 1517 760 1597 qui
774 1522 824 1580 est
837 1537 940 1580 annus
955 1516 1057 1580 bonae
1071 1518 1245 1581 memoriae
1260 1517 1367 1581 domni

232 1601 401 1666 Hludovici
431 1603 538 1683 magni
565 1601 772 1683 imperatoris
805 1602 975 1665 vicesimus
1001 1603 1138 1684 primus;
1169 1622 1243 1666 nam
1273 1610 1368 1667 antea

232 1686 350 1767 Ioseph
371 1688 538 1771 episcopus
560 1688 592 1750 in
613 1687 750 1750 divortio
772 1686 853 1749 illud
873 1692 1022 1750 tenuerat
1041 1707 1167 1750 menses
1183 1691 1212 1766 7,
1232 1687 1302 1752 dies
1319 1692 1366 1766 12,

231 1770 265 1834 id
295 1777 344 1834 est
374 1793 394 1835 a
424 1777 515 1836 sexto
543 1771 676 1837 Kalend.
702 1770 899 1852 Septembris
935 1793 1038 1854 usque
1069 1771 1111 1835 ad
1139 1779 1256 1854 quarto
1290 1773 1368 1837 Idus

232 1857 351 1920 Martii.
386 1856 529 1940 Septimo
544 1857 667 1921 decimo
679 1855 813 1921 Kalend.
826 1857 943 1939 Aprilis
957 1856 1020 1920 fuit
1034 1864 1110 1921 tunc
1123 1856 1234 1922 datum
1250 1858 1368 1922 domno

232 1941 365 2005 Fulconi
391 1942 593 2025 praedictum
621 1941 823 2020 coenobium,
852 1948 884 2006 et
910 1943 1013 2006 tenuit
1039 1943 1133 2006 annis
1159 1942 1307 2007 undecim
1337 1950 1369 2008 et

232 2047 356 2091 menses
378 2031 408 2104 5,
432 2028 500 2091 dies
524 2030 578 2104 27,
607 2026 641 2090 id
664 2033 712 2091 est
735 2049 755 2091 a
777 2028 912 2110 septimo
940 2026 1064 2091 decimo
1087 2027 1222 2092 Kalend,
1248 2029 1368 2112 Aprilis

231 2133 332 2194 usque
355 2118 445 2176 sexto
468 2113 545 2177 Idus
568 2111 726 2177 Octobris.

319 2268 367 2332 19.
392 2264 618 2329 Herimbertus
642 2265 798 2329 diaconus
826 2265 919 2328 annis
946 2267 967 2329 4
994 2271 1027 2329 et
1054 2286 1179 2329 menses
1210 2266 1368 2346 undecim,

231 2349 265 2412 id
284 2358 332 2414 est
351 2372 370 2414 a
389 2352 501 2431 quinto
521 2350 596 2414 Idus
615 2350 772 2429 Octobris,
792 2349 919 2433 quando
938 2351 1080 2433 regimen
1099 2352 1245 2434 sumpsit,
1265 2374 1368 2435 usque

234 2437 263 2501 3.
287 2435 364 2499 Idus
389 2434 595 2518 Septembris,
620 2435 748 2518 quando
773 2435 814 2499 ad
838 2435 1008 2499 Dominum
1031 2437 1190 2518 migravit.

393 2537 571 2602 FlNIUNT
595 2537 731 2602 GESTA
755 2535 1012 2601 SANOTORUM
1034 2537 1208 2602 PATRUM

585 2621 1015 2688 FONTANELLENSIUM.

335 2759 478 2813 Balmam²
503 2762 642 2826 similiter,
666 2760 765 2813 libram
791 2776 872 2812 unam
902 2762 929 2812 et
957 2761 1036 2812 semis
1062 2759 1096 2813 ad
1125 2760 1253 2814 Morbach
1278 2777 1369 2816 coeno·

334 2828 422 2891 bium;
449 2829 547 2883 libram
571 2846 651 2882 unam
681 2827 715 2881 ad
742 2827 869 2881 Sanctum
888 2825 1076 2895 Gregorium33
1099 2827 1198 2881 libram
1225 2845 1307 2882 unam
1335 2829 1369 2883 ad

334 2895 658 2959 nonasterium-Mauris
677 2896 775 2950 libram
791 2913 872 2949 unam
886 2895 920 2949 ad
934 2894 1104 2958 Melundas53
1122 2896 1220 2950 libram
1234 2914 1316 2951 unam
1336 2899 1369 2951 ad

335 2965 464 3019 Sanctum
483 2963 709 3033 Reginbertuml,
732 2964 780 3017 ubi
807 2965 892 3030 primo
918 2965 1051 3018 elementa
1069 2963 1201 3018 didicerat
1219 2965 1368 3019 literarum.

334 3034 387 3086 Per
410 3051 504 3087 manus
529 3049 632 3101 quoque
655 3033 751 3086 matris
775 3048 838 3085 suae
861 3033 889 3085 in
911 3049 973 3085 usus
997 3048 1140 3100 egenorum
1162 3034 1263 3102 viginti
1285 3034 1369 3089 libras

335 3101 474 3168 expendit;
499 3102 583 3154 simili
609 3101 685 3154 modo
710 3117 759 3167 per
782 3117 876 3153 manus
895 3101 1054 3221 Berteningi
1076 3101 1159 3154 libras
1177 3103 1291 3169 viginti;
1315 3103 1369 3156 sibi

334 3186 396 3223 vero
422 3171 451 3222 in
474 3169 551 3223 domo
576 3186 624 3222 sua
646 3168 841 3222 famulantibus
864 3168 948 3223 libras
971 3186 1023 3237 qua
1044 3170 1153 3236 raginta
1175 3170 1273 3238 largiri
1295 3170 1368 3224 fecit.

335 3238 433 3292 Tribus
449 3238 552 3299 vicibus
570 3254 660 3291 omnes
679 3254 741 3304 opes
760 3254 821 3290 suas
840 3239 931 3304 egenis
950 3254 980 3290 ao
998 3238 1160 3304 pauperibus
1176 3240 1281 3306 erogari
1296 3239 1368 3300 fecit,

334 3307 374 3360 nil
393 3306 447 3360 sibi
465 3322 602 3359 reservans
608 3325 614 3367 ;
634 3322 701 3373 quae
721 3305 839 3373 qualiter
857 3308 935 3373 gesta
953 3305 1015 3367 sint,
1034 3322 1067 3359 ne
1086 3319 1211 3359 nauseam
1232 3310 1279 3360 aut
1292 3307 1369 3360 lasti·

335 3374 408 3427 dium
436 3375 578 3441 ingessisse
596 3373 701 3436 videar,
724 3373 933 3427 transcendendo
952 3375 1085 3428 omittam.
1122 3375 1281 3428 Elemosinis
1300 3376 1369 3428 enirn

335 3443 387 3496 sibi
405 3443 479 3495 viam
498 3443 677 3509 praeparavit,
698 3443 824 3510 qnoniam
838 3445 948 3496 noverat
962 3446 1100 3496 externum
1114 3459 1219 3496 omnem
1233 3443 1366 3497 hominem

335 3527 390 3564 esse
414 3511 470 3563 sive
494 3509 528 3563 ad
551 3527 665 3577 poenam
688 3512 743 3564 sive
763 3509 797 3563 ad
821 3511 947 3578 gloriam
971 3509 1031 3564 ideo
1049 3511 1200 3564 elemosinis
1222 3527 1252 3564 ac
1271 3513 1367 3566 oratio·

335 3579 414 3632 nibus
435 3596 569 3632 servorum
588 3580 639 3632 Dei
656 3596 684 3632 se
702 3579 859 3641 roborabat,
882 3581 913 3632 nt
936 3581 963 3632 et
985 3595 1091 3631 cursum
1109 3580 1187 3632 huius
1206 3580 1278 3633 vitae
1297 3581 1367 3647 paci·

337 3647 384 3700 lice
403 3648 569 3715 transigeret
587 3650 668 3715 atque
686 3646 803 3700 feliciter
821 3648 848 3699 in
867 3649 1024 3714 perpetuum
1043 3648 1153 3701 viveret.

292 3717 315 3779 *)
332 3717 635 3837 Eddlcoustitutiouem
645 3717 777 3781 Aasepa’si
787 3716 893 3770 obbatis
907 3716 1020 3776 addunt,
1035 3733 1104 3786 quoe
1118 3718 1147 3769 in
1161 3717 1219 3770 cod.
1229 3716 1369 3771 Haereusr'

334 3801 389 3838 nou
421 3791 517 3851 egetur.

234 3903 259 3968 1)
283 3902 393 3970 Corripe
412 3903 479 3968 83l;
497 3920 563 3957 aum
581 3903 735 3968 Ausepcsus
758 3903 823 3956 obiit
840 3919 914 3956 anuo
930 3903 989 3965 833,
1013 3903 1058 3956 die
1076 3904 1222 3968 dominica,
1240 3905 1269 3957 iu
1287 3921 1368 3973 quum

235 3973 292 4025 dics
311 3975 351 4027 13.
366 3972 433 4026 Kal.
453 3972 526 4039 Aug.
545 3977 608 4026 tuuc
626 3987 686 4025 aare
704 3971 844 4025 incidebat
850 3991 859 4039 ,·
888 3977 914 4025 et
930 3972 1120 4026 Herirnbertus
1138 3988 1211 4025 anuo
1228 3973 1280 4028 845
1299 3991 1325 4027 u.
1343 3973 1367 4025 d.

233 4041 258 4094 5.
276 4041 320 4094 Id.
340 4041 396 4095 Oct.
420 4042 560 4095 abbaticio
583 4041 732 4106 suscepisse
756 4040 954 4094 eristimuudas
976 4046 1023 4105 est,
1046 4041 1094 4108 qui
1115 4047 1140 4094 et
1161 4056 1191 4094 eo
1213 4057 1287 4094 auno
1312 4041 1368 4095 dies

234 4109 369 4163 dominico
387 4116 457 4176 erut,
481 4111 510 4163 ia
530 4108 777 4163 consecrationibus
798 4109 940 4161 sollemnis.
1017 4108 1044 4173 2)
1062 4109 1109 4162 Lu
1126 4109 1234 4162 Bcame
1252 4109 1282 4162 in
1300 4110 1368 4163 dioe-

234 4178 289 4230 cesi
302 4178 511 4231 Vesontloucusi.
577 4177 604 4241 3)
624 4178 751 4231 Mauster
764 4177 801 4228 im
815 4175 1029 4243 Gregorieutbul.
1091 4176 1117 4240 4)
1137 4178 1369 4232 Mouermatuster.

233 4244 260 4309 5)
289 4246 435 4299 Molosmes
460 4247 489 4299 in
514 4246 693 4312 Lingonibus.
781 4245 807 4308 6)
835 4245 998 4298 Mobillouio
1025 4245 1095 4298 idern
1122 4262 1156 4298 uc
1177 4247 1369 4300 monasterium

233 4314 260 4367 S.
276 4314 445 4381 Rupueberti
460 4315 489 4367 iu
506 4329 579 4380 pugo
597 4314 785 4380 Lupdurrensr'.

647 4446 954 4482 ψ-
