2850 4896
157 263 172 309 o·
378 256 489 309 GESTA
512 255 687 309 ABBATUM
706 255 1068 310 FONTANELLENSIUM.

243 409 333 471 Hanc
367 410 479 471 librum
517 410 602 470 haud
633 409 789 493 inteprum
821 410 998 492 posteritati
1033 419 1187 472 servatum
1219 430 1290 484 esse,

154 522 343 595 putauerunt
362 511 452 573 Pertz
475 511 602 594 aliique,
626 534 694 573 cum
712 511 793 573 inter
811 534 834 574 c.
853 515 880 575 l.
894 521 921 573 et
940 534 963 575 c.
980 514 1008 573 2.
1031 509 1126 574 Gesta
1145 510 1291 572 abbatum

160 615 334 691 Lantberti,
364 614 509 677 Ansberti
535 624 562 676 et
585 613 760 676 Hildeberti
787 612 1009 676 desiderarent.
1057 610 1194 684 Quorum
1221 634 1291 674 uero

160 717 256 779 Gesta
278 739 445 799 numquam
468 717 503 778 in
525 717 579 778 hoc
602 738 690 800 opere
713 715 877 791 constitisse,
901 716 975 797 quia
998 725 1106 776 auctor
1128 724 1183 776 aut
1204 736 1291 798 sepa-

157 821 255 882 ratim
284 842 319 881 ea
348 819 436 882 edere
467 819 598 882 uoluerit
626 828 680 879 aut
713 818 778 878 iam
807 817 908 879 editas
936 817 1087 880 inuenerit
1117 826 1171 878 aut
1200 816 1292 878 aliud

157 923 258 983 nescio
288 920 368 1003 quod
396 921 588 1003 propositum
617 921 651 981 in
685 919 860 981 omittendis
887 921 931 982 eis
960 919 1115 998 habueris,
1146 919 1200 980 hoc
1228 919 1292 981 loco

158 1025 236 1086 satis
263 1033 305 1085 est
332 1022 602 1102 animadvertisse,
636 1045 703 1083 cum
726 1022 836 1103 fusius
864 1022 902 1084 de
930 1022 988 1083 hac
1016 1043 1050 1082 re
1079 1031 1292 1104 arpumentum

159 1127 225 1188 alio
247 1126 311 1187 loco
333 1125 472 1186 dederim
484 1124 504 1186 ¹.

245 1245 282 1306 In
305 1244 513 1327 componenda
539 1243 672 1305 historia
698 1267 756 1306 sua
779 1254 887 1306 auctor
911 1253 1036 1326 praeter
1058 1265 1093 1305 ea
1122 1265 1198 1325 quae
1227 1243 1293 1326 ipse

157 1369 305 1430 praesens
327 1346 448 1408 uiderat
470 1354 525 1405 aut
546 1368 584 1407 ea
604 1355 732 1428 patrum
753 1344 956 1408 relationibus
980 1344 1026 1406 cel
1047 1368 1103 1428 per
1125 1355 1185 1407 tres
1207 1368 1292 1428 pone-

159 1449 296 1511 rationes
323 1447 366 1509 ad
393 1470 423 1509 se
449 1447 600 1509 devolutis
626 1457 816 1530 copnooerat,
841 1447 1084 1530 pretiosissimas
1111 1447 1240 1509 not'tias
1265 1456 1292 1509 et

160 1552 285 1613 chartas
307 1573 345 1612 eu
372 1551 553 1611 monasterii
580 1549 629 1611 sui
655 1548 813 1611 tabulario
840 1549 1018 1632 desumptas
1044 1549 1178 1632 consopit,
1206 1550 1292 1611 ordi-

160 1654 247 1714 nauit
269 1661 296 1714 et
318 1653 352 1712 in
374 1673 468 1713 unum
495 1673 605 1734 corpus
632 1651 769 1733 redepit,·
796 1672 888 1733 neque
909 1651 1216 1733 praetermittendum
1239 1661 1292 1729 est,

160 1777 226 1818 eum
250 1775 309 1815 aon
332 1752 428 1815 solum
452 1753 496 1814 ad
518 1752 776 1829 Fontauelleusis,
804 1775 907 1815 ueram
930 1755 1024 1815 etiam
1047 1754 1292 1837 Rotomapensis,

161 1857 367 1933 Parisiensis‚
391 1855 589 1932 Baiocensis,
615 1852 832 1917 Gemeticensis
854 1855 1052 1919 ecclesiarum
1083 1856 1213 1919 archiva
1236 1857 1291 1917 lec-

160 1969 256 2021 torem
278 1959 425 2021 historiae
448 1957 557 2019 melius
575 1957 821 2040 perscrutandae
844 1957 992 2041 cupidum
1010 1956 1182 2023 recocare2.
1220 1958 1293 2020 Non

161 2061 263 2122 minus
295 2083 366 2122 uero
402 2058 512 2136 libros,
549 2080 623 2141 quos
657 2059 691 2119 in
728 2060 909 2122 monasterii
947 2059 1126 2122 bibliotheca
1166 2061 1293 2137 inuenit,

161 2164 196 2224 in
239 2185 326 2224 usum
369 2184 458 2223 suum
502 2171 673 2223 conuertere
717 2160 853 2240 studuit;
893 2183 968 2244 quos
1003 2163 1031 2223 si
1070 2185 1294 2240 enumeramus,

159 2265 264 2348 primo
304 2264 368 2326 loco
409 2262 608 2324 memoranda
648 2271 691 2324 est
733 2260 806 2323 Vita
845 2286 868 2325 s.
910 2263 1137 2347 Wandrepisili
1178 2286 1199 2325 a
1235 2286 1294 2324 mo·

160 2368 257 2428 nacho
282 2387 389 2428 coaeao
411 2365 538 2448 septimo
560 2364 681 2427 saeculo
710 2365 842 2448 scripta,
871 2390 910 2429 ea
938 2389 1000 2450 qua
1030 2377 1125 2429 totum
1148 2377 1241 2449 caput
1265 2370 1292 2429 1.

162 2468 320 2552 conflavit,
349 2468 492 2530 adbibita
519 2468 645 2530 nonnisi
674 2467 764 2530 semel
801 2469 871 2530 Vita
900 2493 923 2534 s.
958 2469 1141 2531 Columbuui
1170 2479 1294 2532 auctore

162 2572 240 2634 Iona
266 2570 414 2632 Bobiensi
442 2580 470 2632 et
501 2568 694 2652 Geriealopia
724 2571 833 2632 domus
865 2570 1095 2655 Carolinpicae‚
1126 2594 1165 2633 erc
1194 2573 1295 2633 tradi-

161 2675 242 2736 tione
273 2674 423 2757 quadam,
455 2682 488 2733 ut
518 2673 650 2751 uidetur,
682 2672 914 2735 Fontanellensi
944 2673 1152 2756 interpolata;
1183 2672 1295 2735 deinde

165 2774 260 2839 Gesta
271 2776 446 2838 Zachariae
460 2798 563 2858 papae
577 2775 610 2836 in
621 2774 717 2837 Libro
731 2798 816 2858 quem
831 2775 965 2837 dicimus
977 2775 1183 2859 pontificalem
1197 2775 1295 2835 mira-

162 2877 261 2939 culum
284 2877 321 2939 de
343 2876 488 2959 reliquiis
510 2901 533 2937 s.
556 2876 687 2960 Georpii
709 2878 860 2962 martyris
882 2877 1005 2938 auctori
1033 2885 1137 2937 nostro
1161 2877 1295 2958 praebu-

161 2990 250 3043 erunt
264 2979 284 3062 (
297 3030 303 3042 .
319 2979 404 3063 14.),·
418 2980 524 3042 Bedae
539 2980 715 3041 Historiam
729 2980 966 3042 ecclesiasticam
980 2978 1122 3040 adhibuit
1135 2978 1170 3039 in
1184 3001 1251 3062 cap.
1264 2980 1293 3042 3.

168 3082 247 3145 Usus
270 3092 312 3144 est
332 3090 495 3165 praeterea
514 3080 675 3142 Einhardi
700 3079 772 3142 Vita
790 3081 906 3143 Karoli
928 3090 955 3141 et
974 3080 1150 3142 Annalibus
1172 3082 1295 3142 nomine

161 3186 228 3248 eius
245 3185 388 3267 sipnatis,
409 3205 494 3265 quem
510 3193 635 3266 praeter
654 3184 721 3245 alia
742 3183 877 3246 coenobii
891 3182 923 3244 F
923 3183 1141 3245 ontauellensis
1158 3185 1296 3263 repimen

160 3309 217 3368 per
243 3296 356 3370 septem
376 3286 449 3368 fere
479 3306 577 3348 anuos
605 3286 732 3369 pessisse
757 3286 907 3348 nouimus.
961 3282 1141 3368 Complures
1166 3285 1296 3347 notitias

163 3389 207 3450 ad
228 3409 277 3449 res
299 3387 390 3470 requi
408 3387 616 3471 Merooinpici
637 3398 665 3450 et
686 3387 881 3472 Carolinpici
903 3397 1080 3471 spectantes,
1104 3408 1180 3469 quas
1202 3388 1297 3447 annis

164 3491 238 3554 708.
254 3489 412 3554 715-18.
429 3489 500 3552 731.
517 3490 589 3553 753.
606 3490 676 3551 787.
694 3490 765 3554 788.
790 3491 931 3570 inseruit,
955 3513 993 3552 eu
1010 3488 1187 3551 Annalibus
1206 3488 1296 3550 Peta-

162 3593 266 3653 uianis
288 3591 403 3668 hausit,
425 3601 460 3652 ut
482 3591 573 3654 Pertz
596 3592 714 3653 monuit
737 3602 764 3653 et
786 3593 979 3675 comparatio
1001 3615 1021 3652 a
1045 3590 1131 3652 nobis
1153 3590 1296 3652 instituta

162 3693 377 3777 comprobavit.
402 3694 569 3755 Aliosoero
582 3692 744 3756 Gestorum
759 3694 848 3772 locos,
864 3716 914 3755 eos
924 3693 1118 3776 praesertim,
1134 3692 1188 3773 qui
1199 3714 1296 3775 prope

162 3795 205 3858 od
220 3795 359 3858 Annales
373 3795 533 3858 Mettenses
556 3798 714 3872 accedunt,
736 3818 774 3856 eu
794 3795 980 3876 Fredeparii
999 3794 1227 3856 continuatione
1246 3818 1296 3856 eec-

162 3899 294 3981 scriptos
310 3909 338 3960 et
357 3922 371 3959 e
392 3896 495 3960 Gestis
517 3899 631 3959 nostris
648 3900 684 3960 in
701 3897 842 3958 Annales
861 3897 1020 3957 Mettenses
1037 3894 1206 3958 translatos
1225 3919 1296 3973 esse,

160 4002 284 4083 putauit
311 4001 408 4064 Perta.
456 3999 517 4062 Sed
544 3999 637 4061 aliter
659 4022 708 4061 res
734 4020 796 4061 sese
818 3997 913 4060 habet.
966 3997 1093 4060 Primus
1122 3999 1162 4059 R.
1187 3997 1297 4060 Dorr3

164 4190 188 4250 l)
208 4189 223 4241 l.
238 4191 255 4242 l.
333 4189 359 4253 2)
380 4187 446 4254 Cap.
464 4190 492 4248 8,
514 4202 541 4252 p.
559 4186 601 4238 27.
679 4187 706 4249 3)
726 4187 769 4238 De
788 4185 862 4238 hellis
884 4186 1057 4238 Francorum
1075 4203 1135 4239 oum
1156 4187 1295 4239 Arabibus

162 4274 244 4337 pestis
262 4289 346 4341 usquc
365 4272 402 4324 ad
419 4271 520 4322 obitum
540 4269 642 4322 Karoli
658 4271 765 4337 Mapm'.
802 4270 878 4322 Diss.
898 4271 1047 4337 Reoimont.
1076 4271 1149 4323 1861.
1166 4285 1195 4335 p.
1211 4272 1253 4323 41.
