2850 4906
323 273 436 327 GFSTA
455 272 631 328 ABBATUM
650 274 1013 332 FONTANELLENSIUM.
1197 281 1231 334 39

96 426 363 508 martirologium.
416 428 496 491 Item
519 426 674 506 codicem,
705 428 738 490 in
763 449 825 510 quo
855 430 1059 493 continentur
1089 432 1230 513 capitula

96 513 276 591 nonaginta
298 533 410 576 novem
433 513 472 576 de
491 513 667 595 euangeliis
687 513 808 576 Mathai
832 522 864 578 et
881 514 998 592 Lucae,
1022 518 1168 598 exposita
1189 516 1230 580 ab

99 597 231 662 Aurelio
268 599 432 680 Agnetinu
495 597 576 661 Item
614 619 718 662 sermo
754 598 897 662 eiusdem
935 599 973 662 de
1009 602 1230 666 incarnatione

97 682 238 748 Domini.
281 685 364 747 Item
386 685 420 746 iu
443 683 552 746 eodem
577 683 659 747 libro
680 683 935 748 differentiarum
959 686 1175 767 spiritualium
1199 694 1231 751 et

97 767 277 832 carnalium
311 767 429 832 Isidori
464 769 601 833 iunioris
638 768 815 851 Spalensis,
854 770 939 852 quod
975 778 1051 834 sunt
1087 773 1230 854 capitula

97 853 317 936 quadraginta
359 854 435 919 duo.
500 854 579 918 Item
623 855 656 917 in
703 854 814 918 eodem
858 854 996 919 difinitio
1042 856 1230 935 dogmatum

96 938 411 1004 aecclesiasticorum
440 939 600 1004 Gennadii
628 939 799 1020 presbiteri
828 940 1048 1007 Massiliensis.
1094 941 1172 1005 Item
1197 945 1229 1005 in

96 1024 209 1089 eodem
234 1027 391 1107 expositio
414 1025 492 1089 fidei
516 1026 694 1089 catholicae
722 1027 826 1089 sancti
848 1026 1027 1090 Hierouimi
1048 1027 1228 1110 presbiteri.

97 1110 179 1175 Item
201 1113 308 1175 sancti
325 1110 495 1175 Athanasii
519 1112 659 1193 episcopi
682 1110 921 1175 Alexandrinae
944 1110 1032 1176 urbis
1055 1111 1095 1176 de
1117 1113 1229 1177 eadem

96 1217 143 1259 re.
180 1195 262 1259 Item
285 1197 319 1259 in
342 1197 454 1260 eodem
473 1195 546 1260 libri
566 1203 719 1278 quattuor
738 1197 978 1279 euangeliorum
997 1197 1228 1280 expositionem

97 1282 311 1359 continentes,
339 1281 419 1346 editi
446 1304 465 1347 a
489 1281 632 1359 Sedulio,
661 1282 727 1345 viro
755 1283 1029 1360 scolasticissimO,
1058 1282 1100 1346 ad
1124 1285 1228 1347 Mace-

97 1367 229 1430 donium
253 1366 495 1448 presbiterum
538 1367 621 1430 Item
648 1367 681 1429 in
710 1366 819 1430 eodem
849 1367 992 1448 capitula
1013 1368 1167 1432 tredecim
1191 1390 1230 1433 ex

97 1451 180 1515 libro
211 1453 443 1516 sententiarum
466 1453 582 1516 Isidori
612 1453 764 1534 episcopi.
819 1452 900 1516 Item
929 1454 962 1516 in
993 1454 1062 1536 ipso
1094 1455 1229 1518 omeliae

97 1543 163 1602 tres
181 1537 270 1600 beati
286 1560 390 1620 papae
408 1537 556 1619 Gregorii
579 1559 675 1619 super
694 1538 894 1602 Ezechielem
912 1539 1114 1622 prophetam.
1147 1540 1229 1604 Item

98 1625 130 1686 in
157 1622 269 1687 eodem
297 1625 400 1688 sancti
427 1625 545 1687 Leonis
568 1645 671 1706 papae
700 1625 835 1706 epistola
862 1624 903 1687 ad
928 1625 1115 1688 Flavianum
1147 1626 1230 1690 Con-

98 1708 407 1791 stantinopoIItanae
443 1708 533 1772 urbis
566 1711 751 1791 episcopum
788 1709 942 1774 adversus
970 1710 1108 1774 heresim
1139 1712 1229 1775 Euti-

98 1795 179 1858 eetis
202 1794 384 1874 presbiteri.

182 1878 370 1944 Laborabat
391 1886 500 1943 autem
523 1879 605 1942 idem
635 1881 779 1961 egregius
808 1887 900 1961 pater
922 1880 1108 1962 frequenter
1130 1880 1229 1962 poda-

98 1965 185 2046 grico
210 1965 334 2043 dolore;
362 1967 395 2029 in
422 1964 610 2028 infirmitate
633 1972 740 2027 tamen
764 1966 901 2046 positus,
931 1967 1015 2028 sicut
1043 1974 1075 2030 et
1104 1988 1230 2049 semper

97 2051 204 2114 facere
218 2056 436 2122 consueverat,
456 2050 630 2114 Dominum
649 2051 864 2114 attentissime
883 2050 1106 2125 conlaudabat,
1126 2053 1229 2115 sciens

99 2137 253 2218 scriptum
284 2158 365 2200 esse:
398 2136 558 2220 Flageltat
586 2136 673 2198 Deos
705 2157 823 2199 errarem
847 2136 955 2218 fllium
989 2159 1077 2218 quem
1106 2137 1227 2220 recipit,
1242 2158 1383 2207 neumas.

99 2228 130 2285 et
160 2221 254 2284 illud:
294 2221 389 2295 Quem
425 2232 512 2284 amat
541 2222 697 2284 Dominus
732 2223 873 2305 castigat.
933 2221 1117 2285 Transactis
1155 2242 1229 2285 vero

98 2313 219 2390 septem
243 2308 372 2371 circiter
395 2308 488 2371 annis
510 2313 584 2389 post
608 2307 748 2388 suscepti
771 2306 933 2388 regiminis
957 2328 1077 2383 cursam,
1101 2307 1228 2370 lumini-

97 2391 155 2456 bus
180 2393 343 2456 0culorum
366 2414 444 2474 prae
467 2393 567 2455 nimio
597 2393 714 2455 aetatis
743 2393 832 2454 senio
854 2393 1008 2474 privatur.
1053 2391 1142 2455 Tunc
1166 2413 1230 2454 una

97 2499 170 2541 cum
200 2499 356 2542 consensu
386 2500 424 2542 ac
454 2477 595 2560 generali
625 2478 763 2541 fratrum
794 2477 956 2541 voluntate
988 2477 1078 2557 eligit
1108 2497 1165 2558 pro
1196 2498 1229 2540 se

99 2562 315 2627 venerabilem
338 2563 440 2626 virum
463 2564 590 2625 nomine
615 2561 825 2638 Austrulfum,
850 2564 905 2645 qui
930 2568 1003 2626 erat
1024 2563 1229 2645 praepositus

97 2648 194 2713 huius
226 2647 385 2724 coenobii,
421 2649 587 2729 regiminis
622 2649 692 2711 loco
725 2646 975 2729 subrogandum.
1029 2648 1098 2724 Quo
1133 2647 1228 2724 facto,

96 2736 197 2798 missa
228 2735 383 2815 petitione
413 2734 455 2797 ad
478 2734 648 2816 Pippinum
676 2733 868 2815 principem,
898 2733 1059 2811 obsecrat,
1091 2739 1125 2796 ut
1151 2753 1229 2796 suae

97 2827 127 2884 et
139 2820 279 2883 fratrum
294 2820 443 2884 electioni
458 2840 624 2882 assensum
644 2818 821 2901 praeberet,
841 2840 964 2900 suaque
978 2841 1017 2882 ex
1033 2820 1229 2883 auctoritate

96 2905 181 2969 idem
204 2905 390 2968 Austrnlfus
419 2904 571 2968 coenobio
601 2905 677 2967 huic
710 2904 946 2986 praeficeretur.
1001 2904 1094 2980 Quod
1122 2905 1169 2967 ita
1198 2909 1230 2966 et

95 2990 220 3055 factum
243 2996 300 3056 est.
346 2989 421 3073 Ipse
443 3011 517 3053 vero
540 2989 727 3054 venerabilis
750 2995 842 3070 pater
865 2989 988 3052 Wandu
1012 2989 1104 3052 bonis
1126 2990 1229 3071 operi-

96 3075 156 3140 bus
175 3077 338 3154 insistens,
357 3078 390 3139 in
408 3075 566 3138 aecclesia
583 3075 672 3138 beati
687 3075 775 3137 Petri
795 3074 904 3137 sedule
922 3073 1076 3151 residens
1095 3096 1228 3155 agonem

97 3183 191 3225 suum
233 3161 463 3243 triumphatori
500 3159 628 3223 Christo
670 3159 856 3237 ieiunand0,
893 3158 1031 3238 orando,
1068 3158 1229 3240 vigilando

97 3245 350 3311 commendabat,
402 3246 564 3322 Quantum
600 3266 673 3308 vero
702 3245 955 3308 ferventissimus
983 3246 1016 3307 in
1048 3244 1229 3326 praeceptis

97 3332 226 3396 Domini
258 3330 471 3414 adimplendis
503 3332 661 3408 extiterit,
699 3336 839 3413 quotque
871 3331 1025 3394 virtutum
1061 3330 1228 3411 speciebus

96 3417 274 3482 adornatus
304 3417 414 3494 fuerit,
447 3415 661 3480 imbecillitati
695 3437 784 3479 meae
813 3416 967 3498 prosequi
995 3414 1129 3497 ponderi
1160 3413 1228 3477 fore

96 3508 233 3567 constat.
275 3501 449 3565 Testantnr
466 3502 598 3583 plurimi
616 3502 671 3583 qui
689 3501 781 3564 illum
800 3500 960 3577 viderunt;
981 3501 1054 3563 ideo
1074 3521 1139 3562 non
1157 3499 1227 3561 *ne-

97 3610 185 3652 cesse
204 3587 340 3652 aestimo
359 3589 508 3650 universa
527 3586 566 3650 de
585 3607 623 3650 eo
642 3587 792 3662 inserere,
816 3607 855 3648 ne
877 3584 1056 3666 legentibus
1079 3584 1227 3647 nausiam

95 3673 211 3737 fecisse
235 3672 354 3735 videar.
400 3672 573 3735 Victimam
596 3693 723 3754 quoque
745 3671 870 3735 hostiae
893 3670 1056 3746 salutaris,
1082 3667 1228 3753 quandiu

97 3760 213 3841 capitis
236 3757 351 3821 habuit
372 3758 504 3834 lumina,
527 3757 717 3820 immolabat
739 3754 865 3819 cotidie.

183 3844 275 3906 Auno
299 3842 435 3924 denique
459 3841 639 3906 Hildeberti
664 3842 749 3923 regis
773 3839 926 3916 secundo,
955 3845 990 3902 ut
1014 3858 1112 3919 supra
1135 3844 1227 3900 taxa-

96 3932 213 4006 vimus,
244 3926 285 3991 ad
309 3929 534 4000 conversionis,
548 3929 684 4009 gratiam
708 3928 793 3990 veuit
821 3926 960 4006 fecitque
983 3925 1015 3986 in
1038 3922 1226 3986 monachico

97 4024 169 4078 voto
194 4035 294 4077 annos
318 4013 416 4076 ferme
440 4015 621 4095 sexaginta3
648 4012 765 4094 quibus
788 4010 932 4093 expletis,
956 4009 1139 4091 decrepitae
1162 4009 1226 4070 iam

98 4101 215 4164 aetatis
239 4100 327 4162 senio
351 4099 529 4176 confectae,
560 4099 740 4181 praesentis
769 4098 852 4160 vitae
882 4095 1025 4158 debitum
1053 4094 1226 4175 complens,

97 4244 119 4294 a)
136 4247 224 4286 dentum
237 4247 301 4294 prum
318 4250 408 4295 quatuor
425 4247 486 4285 lineis
499 4249 597 4294 arpertus
614 4249 693 4294 sermo
710 4249 758 4284 aunt
776 4247 797 4283 tn
813 4245 882 4292 spatio
899 4245 966 4283 limae
980 4255 1056 4291 neruo,
1073 4244 1110 4282 ubi
1123 4245 1181 4294 signo
1194 4243 1226 4281 in·

97 4305 181 4344 dautur
194 4317 219 4345 ea
231 4306 273 4344 hnc
285 4306 389 4344 trahenda
401 4315 452 4344 esse.
