2850 4906
325 304 438 360 GESTA
457 305 631 360 ABBATUM
649 304 1009 361 FONTANELLENSIUM.
1192 313 1224 364 51

92 459 245 542 regulari
272 460 383 523 ordine
416 460 591 524 secundnm
617 460 735 541 egregii
761 461 862 542 patris
889 461 1053 525 Benedicti
1080 483 1225 528 normam

97 552 142 610 ut
161 545 259 609 vitam
283 543 444 628 degerent,
468 546 686 627 multipliciter
708 545 890 610 decertavit.
936 545 1017 610 Nam
1041 569 1080 610 ex
1102 548 1226 614 desidia

99 633 248 714 priorum
282 639 425 712 patrum,
461 633 516 714 qui
551 633 655 714 gregis
690 629 751 694 sibi
787 633 947 695 commissi
978 654 1089 697 curam
1120 635 1225 700 miuus

101 717 216 782 devote
234 727 408 798 gesserunt,
433 725 536 782 status
555 717 657 780 almae
677 717 805 799 regulae
828 717 985 797 praedicti
1004 720 1106 801 patris
1124 719 1226 784 Bene-

106 803 182 867 dicti
214 802 278 866 iam
310 804 404 887 quasi
434 825 568 868 casurus
601 801 780 880 videbatur,
814 803 889 867 licet
918 804 966 866 illi
1002 804 1057 887 qui
1088 805 1224 870 Domino

106 887 287 953 militabant
303 890 457 953 canonico
477 888 589 953 ordine
609 888 934 971 inreprehensibiliter
952 897 1224 958 conversarentur.

107 974 291 1056 Contigerat
312 976 394 1040 euim
418 975 459 1039 ob
481 975 647 1053 incuriam,
670 976 792 1038 utiam
815 974 891 1052 dixi,
915 976 1145 1057 praelatorum,
1169 979 1225 1060 qui

106 1082 142 1125 ea
169 1081 252 1143 quac
274 1061 402 1144 regulae
424 1062 601 1126 auctoritas
624 1082 735 1125 sacrae
757 1061 835 1124 dare
857 1061 1033 1126 mandabat
1057 1063 1225 1146 parvipen-

105 1146 207 1211 dendo
237 1148 401 1230 impertire
431 1148 636 1222 distulerant,
665 1147 720 1210 sed
747 1147 930 1227 praedictus
952 1150 1225 1213 reverentissimus

104 1238 195 1317 pater
217 1234 390 1315 Ansegisns
412 1233 473 1298 hoc
495 1233 597 1297 modis
620 1233 766 1296 omnibus
789 1234 914 1314 sategit,
942 1235 1031 1297 utin
1055 1236 1224 1314 pristinum

105 1324 221 1383 statum
245 1325 278 1382 et
299 1319 399 1402 legem
422 1325 636 1402 recuperaret,
666 1318 756 1381 iuxta
785 1318 871 1400 qnod
899 1319 1094 1384 voluntatem
1117 1321 1225 1384 domni

104 1405 307 1486 imperatoris
337 1427 433 1488 super
460 1405 520 1469 hoc
541 1411 685 1480 noverat,
716 1410 748 1467 et
776 1425 858 1486 quae
887 1404 1018 1486 regulae
1047 1407 1225 1470 auctoritas

104 1491 182 1554 dare
206 1491 381 1555 mandabat
402 1491 512 1573 largiri
535 1489 638 1554 modis
656 1489 802 1554 omnibus
820 1511 884 1554 non
902 1491 1092 1573 neglegeret.
1129 1492 1225 1556 Deni-

105 1598 164 1659 que
192 1597 231 1639 ex
254 1576 394 1641 Luxovio
422 1577 589 1654 coenobio,
617 1577 691 1658 qui*
717 1576 751 1639 in
774 1575 953 1640 Galliarum
980 1577 1075 1641 terris
1097 1579 1130 1641 in
1152 1578 1226 1641 reli·

105 1664 197 1744 gione
223 1683 261 1725 ac
287 1664 426 1745 regulari
450 1662 619 1744 disciplina
642 1682 707 1725 non
730 1661 864 1726 inferius
886 1684 987 1746 usque
1009 1663 1051 1727 ad
1074 1685 1225 1746 praesens

105 1747 244 1825 videtur,
275 1750 445 1813 monachos
471 1750 569 1812 Deum
592 1749 740 1812 timentes
762 1749 909 1830 virosque
931 1750 1096 1831 religiosos
1118 1771 1223 1814 secum

105 1833 250 1910 adduxit,
294 1835 349 1917 qui
385 1842 417 1899 et
455 1834 557 1915 legem
596 1835 692 1897 istinc
733 1834 959 1898 monachorum
998 1835 1149 1899 docerent
1194 1842 1226 1900 et

106 1919 249 2002 exempla
271 1920 416 1984 salubria
443 1919 661 1996 ostenderent,
691 1919 766 1983 licet
788 1918 864 1982 olim
887 1941 906 1982 a
928 1921 994 1984 viro
1018 1921 1102 1985 iusto
1125 1922 1224 1985 Bene-

105 2005 188 2069 dicto
210 2004 326 2070 abbate
345 2006 370 2069 F
371 2005 588 2070 ossatensisl·l
612 2004 754 2069 coenobii
777 2004 896 2068 eruditi
918 2006 951 2068 in
975 2006 1035 2069 hac
1057 2006 1225 2089 philosofia

106 2091 172 2156 fore
204 2090 398 2157 viderentur.
457 2091 519 2168 Qui
548 2092 695 2174 plurimis
726 2090 839 2154 diebus
870 2092 904 2154 in
939 2091 1000 2155 hoc
1031 2094 1224 2156 monasterio

106 2184 341 2255 conversantes,
369 2178 522 2241 nonnulla
551 2176 695 2258 exempla
721 2177 886 2240 doctrinae
912 2198 951 2240 ac
972 2177 1125 2242 bonitatis
1148 2199 1224 2241 suae

104 2264 176 2328 istic
198 2264 406 2345 reliquerunt.
442 2263 533 2341 Nam,
557 2271 593 2327 ut
609 2285 682 2326 vere
700 2261 812 2341 fateor,
835 2283 899 2326 non
918 2263 1052 2327 inferius
1071 2263 1224 2327 Franciae

106 2371 159 2413 scu
179 2348 304 2414 Galliae
328 2351 530 2414 monasteriis
549 2348 637 2414 istud
655 2350 688 2412 in
706 2349 790 2412 omni
806 2349 960 2431 religione
979 2350 1225 2430 comparabatur

106 2434 301 2502 coenobium.
355 2435 420 2500 Nec
451 2437 581 2513 mirum,
613 2436 641 2498 si
671 2442 812 2518 ternpore
843 2435 934 2499 ducis
965 2436 1076 2517 optimi
1107 2435 1225 2499 milites

106 2520 225 2585 Christi
242 2543 300 2604 per
318 2523 402 2585 viam
421 2523 541 2603 regiam
560 2520 753 2598 incederent,
772 2520 847 2584 licet
865 2542 949 2586 nunc
967 2520 1087 2584 Christi
1105 2523 1224 2584 caritas

104 2627 166 2670 uon
198 2608 241 2670 sit
271 2607 474 2689 refrigerata,
507 2629 578 2670 cum
610 2608 720 2688 utique
750 2605 883 2687 signifer
913 2608 1132 2670 sanctissimae
1161 2606 1225 2669 dis-

104 2693 240 2775 ciplinae
268 2693 352 2756 idem
381 2694 546 2770 existeret,
577 2693 632 2775 qui
661 2692 807 2755 omnibus
835 2692 1010 2756 imitandus
1040 2692 1223 2775 apparebat.

106 2778 294 2861 Quicunque
309 2780 391 2842 enim
407 2778 497 2843 illum
507 2778 660 2842 audiebat
673 2778 931 2860 praecipientem,
943 2799 1004 2842 non
1016 2778 1226 2860 redarguebat

104 2864 198 2928 aliter
217 2873 411 2946 operantem.
444 2864 672 2928 Testimonium
688 2865 824 2941 veritati,
843 2884 907 2927 non
925 2865 1094 2942 amicitiae,
1113 2864 1225 2928 redde-

103 2949 167 3015 bat.
215 2950 379 3015 Sermones
403 2953 471 3015 eius
494 2952 587 3015 utiles
610 2951 711 3031 magis
734 2971 830 3033 quam
852 2950 948 3014 faceti
971 2972 1039 3015 esse
1057 2961 1224 3028 noverant3

103 3057 122 3098 a
143 3036 248 3100 verbis
271 3057 396 3120 quoque
418 3036 565 3120 turpibus
587 3058 644 3119 per
667 3037 775 3100 omnia
797 3035 989 3115 abstinebat,
1014 3037 1126 3115 sciens,
1150 3038 1225 3121 quia

102 3122 232 3186 licentia
263 3143 372 3186 eorum
399 3122 631 3204 impudentiam
661 3123 771 3186 nutrit.
822 3122 982 3198 Quattuor
1010 3143 1135 3206 quoque
1162 3124 1224 3185 vir-

102 3214 196 3286 tutes,
212 3229 292 3291 quas
307 3209 410 3272 omnis
425 3207 520 3271 homo
537 3209 709 3290 praecipue
727 3215 836 3271 tenere
855 3208 959 3286 debet,
982 3209 1014 3270 iu
1035 3227 1070 3270 eo
1089 3208 1225 3289 refulge-

102 3292 191 3369 bant,
236 3294 408 3376 prudentia
451 3293 611 3371 videlicet,
656 3293 829 3372 fortitud0,
872 3294 1085 3376 temperantia
1126 3297 1224 3376 atque

102 3380 234 3445 iustitia.
281 3379 391 3444 Sermo
414 3400 528 3462 nempe
551 3379 620 3442 eius
647 3400 820 3461 numquam
847 3380 952 3443 inanis
980 3380 1098 3457 extitit,
1128 3379 1224 3441 immo

103 3464 240 3529 subditis
273 3466 335 3529 sibi
367 3466 503 3549 aliisque
534 3471 591 3529 aut
623 3466 724 3529 suasit
758 3465 844 3529 bona
879 3486 974 3546 agere
1012 3471 1070 3529 aut
1100 3465 1225 3528 monuit

102 3558 189 3615 recta
211 3551 327 3617 docere
350 3560 407 3615 aut
430 3551 612 3616 consolatus
635 3557 684 3614 est
706 3551 850 3616 dolentes
870 3559 927 3616 aut
948 3552 1110 3633 praecepit
1129 3549 1223 3612 fidem

102 3637 169 3701 Deo
193 3644 323 3701 aeterno
343 3645 375 3701 et
393 3636 569 3701 immortali
585 3637 717 3719 regique
735 3645 862 3701 terreno
881 3636 1064 3701 inviolatam
1084 3657 1223 3718 servare3

102 3744 182 3805 quae
206 3724 303 3786 etiam
325 3725 358 3787 in
382 3725 448 3788 suis
471 3722 596 3786 actibus
618 3724 739 3820 primus
758 3723 933 3803 adimplere
952 3724 1083 3786 curavit.
1121 3723 1224 3819 Quae-

102 3829 226 3891 cunque
248 3829 322 3873 vero
346 3831 385 3873 ex
406 3809 502 3874 rebus
524 3809 718 3872 transitoriis
740 3808 895 3891 possedit
869 3808 968 3871 tnil
995 3808 1101 3890 magni
1129 3815 1224 3871 aesi-

101 3896 212 3972 mavit,
245 3894 301 3957 sed
329 3896 435 3978 ptoius
465 3894 619 3959 caducum
649 3915 717 3957 esse
747 3894 895 3971 credidit;
926 3894 998 3957 ideo
1026 3914 1121 3975 gazas
1149 3913 1223 3956 suas

101 3981 304 4044 monasteriis
327 4002 365 4045 ac
386 3982 492 4063 egenis
511 3980 703 4044 distribuere
722 3944 936 4078 satagebadt
923 3979 1144 4043 thesaurizans
1163 3977 1224 4042 sibi

101 4066 310 4130 thesauros
301 4088 335 4130 m
369 4068 470 4145 caelo,
506 4088 568 4151 quo
595 4066 647 4130 fur
675 4087 739 4129 non
771 4067 976 4148 appropiaret
1006 4087 1107 4148 neque
1139 4066 1224 4128 tinea
1238 4080 1266 4118 cf
1281 4079 1335 4118 Luc

102 4153 281 4217 devoraret.
327 4153 489 4217 Vitiorum
511 4174 568 4235 per
590 4153 695 4216 omnia
717 4151 814 4234 fugax
841 4152 959 4229 extitit3
933 4151 1123 4214 taliorum
1150 4169 1222 4214 vero
1252 4131 1329 4180 ”⁶⁹³³

101 4262 122 4313 a)
135 4265 165 4302 aie
179 4275 196 4302 c.
249 4263 272 4314 h)
288 4264 461 4304 Fossaeenslsc.

102 4338 128 4404 1)
146 4339 175 4394 S.
188 4341 295 4407 Mauri,
314 4341 352 4396 St.
366 4341 641 4397 Macedon-Fossis.
