2850 4896
209 270 241 321 10
429 267 543 323 GESTA
562 266 738 320 ABBATUM
757 266 1117 322 FONTANELLENSIUM.

292 420 482 484 Manendum.
511 431 565 496 est,
597 431 750 483 auctorem
772 429 927 497 nostrum,
957 443 1108 483 annornm
1132 422 1344 485 indicationes

208 524 298 606 quasi
326 545 516 607 eccapperare
542 523 666 585 solitum
694 559 735 568 -
760 522 940 606 pier-umque
967 523 1049 584 enim
1085 534 1209 605 practer
1242 547 1344 587 annos

212 623 330 687 Christi
365 636 392 687 et
427 625 511 710 repis
545 625 640 688 etiam
671 646 769 686 annos
802 646 924 707 papae,
956 625 1197 688 maiorisdomus
1228 637 1255 689 et
1291 627 1343 688 in·

207 727 356 790 dictiones
379 727 549 811 adscripsit
568 727 805 810 —saepissime
827 727 861 787 in
884 747 1003 789 errores
1021 727 1175 790 incidisse.
1215 728 1343 792 Etenim

207 840 296 892 notas
318 829 559 912 chronoiopicas‚
581 852 658 913 quas
674 829 710 890 in
728 828 949 912 diplomatibus
969 852 1074 915 nepum
1092 830 1140 892 vel
1159 832 1342 914 principum

208 932 253 995 vel
275 931 419 994 abbatum
442 931 624 1008 inveniebat,
646 954 679 994 eo
702 932 791 994 modo
814 933 971 1015 ampliare
993 933 1140 1010 studebat,
1164 944 1196 995 ut
1222 932 1342 997 Christi

207 1034 253 1097 uei
271 1035 476 1097 indictionum
495 1056 593 1096 annos
612 1035 657 1096 vd
675 1035 769 1096 ctiam
781 1034 890 1117 ferias
908 1044 1096 1118 computaret
1114 1045 1142 1097 et
1159 1037 1343 1099 narrationi

208 1158 281 1199 suae
302 1136 496 1199 immisceret.
548 1135 633 1198 Unde
651 1135 706 1217 fit,
734 1146 766 1197 ut
792 1136 886 1198 aliter
908 1136 945 1197 dc
972 1137 1117 1218 temporis
1139 1138 1234 1215 notis,
1262 1161 1342 1220 quas

208 1238 309 1312 addit,
324 1238 404 1300 inter
418 1259 448 1299 se
462 1237 677 1321 prcpnantibus
688 1237 709 1316 ¹,
727 1237 821 1301 aliter
839 1239 876 1300 de
894 1238 1036 1321 ipsarum
1053 1260 1155 1300 rerum
1173 1249 1341 1324 postorum,

208 1362 284 1423 quas
307 1339 413 1422 refert,
426 1338 493 1421 fide
518 1339 721 1401 iudicandam
748 1340 796 1403 sit.
842 1338 978 1401 Errores
1000 1338 1053 1401 hos
1079 1361 1141 1401 non
1167 1341 1341 1423 emendare,

207 1442 261 1503 sed
283 1440 375 1524 infra
396 1441 540 1503 indicare
562 1452 698 1504 nostrum
725 1442 896 1504 tabccimus.
942 1441 989 1504 Ne
1016 1463 1086 1503 uero
1114 1442 1228 1505 alienis
1253 1443 1341 1505 bonis

208 1545 393 1628 ploriemur‚
434 1544 606 1606 manimam
642 1546 877 1608 annotationum
909 1555 1032 1628 partem
1068 1545 1225 1627 operibus,
1263 1568 1341 1628 qucre

210 1645 414 1710 ‘Jahrbttciter
444 1647 497 1709 des
526 1645 734 1729 frc‘tnlcischen
760 1647 883 1710 Reicizs’
911 1647 1126 1722 intitulantur,
1159 1649 1343 1730 repostisque

210 1749 434 1811 Karotinornnn
466 1773 487 1810 a
520 1747 623 1811 Siclcel
654 1759 681 1811 et
708 1748 911 1813 Mr'tklbacher
941 1750 1117 1834 compositis
1147 1770 1201 1811 nos
1233 1750 1341 1812 debere

209 1851 302 1913 libere
324 1851 510 1934 profitemur.

296 2021 488 2097 Berolini,
513 2023 543 2087 d.
572 2027 596 2083 l.
621 2022 739 2084 Martii
764 2025 854 2088 1886.

904 2225 936 2290 S.
962 2226 1295 2290 LOEWENFELD.

209 2487 235 2549 1)
256 2484 297 2549 Of.
317 2485 412 2550 Sicini,
432 2486 502 2538 Acta
518 2486 615 2538 Karot.
630 2485 795 2551 11‚‘p.368,·
815 2484 936 2549 Oetsncr,
956 2483 1079 2551 ‘Pippin'
1095 2500 1125 2550 p.
1140 2485 1180 2545 94,
1199 2502 1225 2536 n.
1240 2487 1268 2538 3:
1288 2483 1341 2538 ‘Es

208 2572 242 2624 ist
261 2570 427 2637 ousfaltenet,
447 2572 512 2624 dass
530 2572 575 2624 ein
595 2572 689 2631 Autan,
708 2571 755 2622 der
771 2586 801 2622 so
816 2586 883 2636 pern
900 2570 1014 2634 <rectinet
1033 2585 1062 2622 so
1080 2571 1196 2624 scilecit
1212 2573 1340 2625 rectinet’.
