2850 4906
321 277 433 334 Gffl‘l'd
453 276 628 332 laundun
647 277 1007 333 FONTANELLENSIUM.
1193 282 1225 335 31

98 433 270 497 Toscarios
305 440 337 496 et
365 433 442 496 item
473 431 660 514 Magneroto
688 432 846 515 simulque
876 439 995 496 terram
1029 454 1124 515 super
1151 433 1227 498 litus

98 521 198 583 maris
228 526 262 582 et
290 541 384 583 areas
413 518 589 582 salinarum
616 519 891 600 piscationumque
918 540 1001 600 quae
1030 518 1149 582 ibidem
1180 521 1226 583 in·

99 609 234 670 stitutae
253 613 360 684 eraut;
378 606 488 668 vineas
507 603 622 668 'etiam
637 605 840 668 inWaruaco
859 625 954 688 super
968 603 1063 668 fluvio
1079 604 1229 688 Sequana
1243 623 1336 674 *ntea

99 693 179 756 sitas
203 695 236 755 in
264 712 346 774 pago
371 690 605 766 Veliocassino,
635 711 718 772 quae
748 691 976 774 impetraverat
1005 692 1228 756 sanctissimae

99 778 332 841 recordationis
361 775 555 840 Lantbertus
596 775 681 839 abba
716 798 736 838 a
771 798 846 858 rege
881 776 1019 858 glorioso
1055 776 1228 853 Hilderico,

98 864 255 928 suadente
287 864 400 944 regina
431 883 490 926 sua
521 860 689 939 Blithilde,
725 882 846 925 necnon
879 869 910 926 et
944 862 1017 926 aliis
1048 863 1228 928 illustribus

97 951 193 1029 viris,
224 970 360 1032 quorum
390 948 470 1012 haec
500 955 575 1010 sunt
597 954 759 1011 onomata:
792 947 980 1028 Leodegarii
1010 949 1151 1031 episcopi
1175 950 1228 1012 de-

98 1057 251 1117 mumque
282 1036 426 1099 martiris
457 1035 589 1115 egregii,
626 1032 758 1096 Nivonis
789 1039 822 1096 et
852 1033 1013 1109 Ermonis,
1052 1034 1227 1111 Fulcoaldi,

97 1123 264 1198 Amalrici,
290 1120 463 1184 Wulfoaldi
481 1120 611 1184 maioris
630 1118 742 1183 domus
763 1120 881 1201 regiae,
901 1120 1047 1196 Bavonis‚
1068 1120 1226 1203 Waningi,

97 1207 281 1282 Adalberti,
309 1207 433 1284 Geriui,
460 1207 544 1269 sicut
570 1207 603 1268 in
626 1206 744 1288 gestis¹
768 1206 906 1287 praefati
929 1205 1097 1270 Lantberti
1125 1210 1227 1291 patris

97 1295 210 1357 eximii
246 1295 430 1375 plenissime
470 1293 625 1374 scriptum
666 1291 734 1355 fore
775 1298 910 1358 constat,
972 1293 1128 1356 Similiter
1163 1294 1229 1358 alia

97 1381 295 1463 patrimonia
316 1381 348 1443 in
371 1378 491 1442 eisdem
514 1379 607 1460 pagis
629 1379 706 1454 sita,
734 1377 768 1440 id
795 1386 844 1440 est
866 1377 1067 1442 Sounardum
1090 1391 1226 1461 pontem,

97 1465 301 1545 Nialolram²‚
333 1465 539 1541 Hosdinium,
576 1464 747 1527 Balliolum
779 1464 812 1526 in
846 1485 929 1547 pago
962 1463 1115 1543 Vimnau,
1155 1488 1227 1529 cum

97 1551 290 1616 adiacentiis
305 1571 412 1614 earum
428 1549 469 1614 ad
484 1570 517 1612 se
533 1550 793 1630 pertinentibus⁸.
835 1548 962 1613 Necnon
977 1558 1009 1614 et
1022 1551 1227 1615 medietatem

97 1637 140 1701 de
158 1637 330 1713 Edremau,
350 1638 406 1721 qui
424 1636 486 1699 fuit
502 1637 647 1711 Gesonis
672 1635 847 1700 Moriacum
867 1656 905 1699 ac
923 1636 1121 1715 Braciacum,
1145 1660 1227 1721 quae

98 1731 177 1787 sunt
200 1745 296 1805 super
318 1721 413 1787 fluvio
433 1721 591 1798 Sedanna,
615 1722 792 1785 Balcinium
816 1723 849 1784 in
871 1743 953 1804 pago
973 1723 1121 1800 Vimnau,
1145 1746 1227 1807 quae

98 1810 208 1873 suerat
238 1810 438 1874 Ambremari
468 1816 500 1872 et
528 1807 704 1884 Be1toaldi,
735 1815 768 1872 et
795 1807 987 1885 Bociliocas‚
1017 1809 1226 1887 Ruboridum,

98 1895 305 1969 Rosbatium,
345 1894 538 1976 Gamapium
573 1893 680 1957 villam
712 1893 962 1976 pulcherrimum
1001 1916 1097 1975 super
1131 1894 1227 1960 fluvio

99 1982 264 2060 Sedanna,
299 1979 496 2045 Victriacum
528 1999 624 2060 super
653 1978 749 2042 fluvio
779 1980 873 2043 Duno
903 1981 1017 2043 sitamb
1046 1983 1077 2044 in
1108 1989 1226 2061 monte,

99 2069 301 2146 Aionecurte,
321 2065 586 2147 Gammapiolum‚
602 2066 825 2147 anquarias,
845 2065 1024 2129 Muriacum
1039 2068 1092 2149 qui
1108 2066 1227 2131 dicitur

98 2153 190 2217 vallis
214 2152 382 2216 Cucunioli
406 2154 439 2215 in
461 2172 544 2234 pago
567 2151 719 2230 Vimnau,
749 2152 989 2215 Battum-curte
1012 2173 1107 2234 super
1129 2151 1225 2218 fluvio

100 2240 199 2319 Eora3
223 2245 298 2303 sunt
317 2239 409 2302 villae
428 2238 540 2319 viginti
555 2244 653 2312 octoc,
672 2239 814 2318 exceptis
828 2236 1019 2301 adiacentiis
1033 2240 1225 2321 aliquarum,

100 2347 183 2407 quae
206 2331 370 2407 ponuntur
392 2325 424 2387 in
448 2322 572 2386 duobus
595 2324 698 2406 pagis,
729 2323 841 2387 l'ellau
870 2324 993 2387 scilicet
1022 2332 1054 2387 et
1077 2324 1225 2390 l'imnau.

99 2411 186 2476 Haeo
209 2432 349 2493 namque
371 2410 566 2494 patrimonia
589 2409 673 2473 idem
695 2430 802 2482 comes
822 2409 996 2473 Ratharius
1019 2431 1039 2472 a
1060 2411 1225 2493 praedicto

99 2497 275 2562 Teutsindo
298 2500 368 2560 iure
391 2497 529 2577 precarii
556 2497 693 2579 accepit,
723 2496 807 2559 unde
837 2516 965 2558 censum
996 2495 1110 2560 levavit
1140 2498 1227 2560 omui

100 2605 184 2646 anno
218 2582 260 2647 ad
292 2583 499 2646 festivitatem
531 2585 635 2645 sancti
667 2584 769 2663 patris
800 2584 900 2645 nostri
934 2581 1161 2664 wandregisili
1192 2585 1225 2646 iu

98 2669 312 2733 luminaribus
347 2669 522 2732 aecclesiae
559 2667 734 2733 solidorum
771 2668 939 2749 sexaginta
971 2669 1224 2751 persolvendum.

98 2756 234 2819 Factum
257 2761 306 2818 est
328 2754 389 2818 hoc
411 2753 592 2837 precarium
616 2754 648 2816 in
678 2755 742 2818 isto
772 2753 923 2817 coenobio
951 2753 1011 2818 hoc
1041 2775 1138 2833 anno,
1170 2756 1225 2837 qui

99 2850 148 2905 est
178 2841 220 2906 ab
251 2842 473 2905 incarnatione
504 2839 624 2904 domini
655 2840 757 2903 nostri
788 2840 860 2902 lesu
894 2839 1015 2903 Christi
1043 2842 1222 2924 septingen-

98 2928 212 2992 tesimo
230 2927 395 2990 tricesimu
414 2932 538 3008 quarto,
558 2925 732 2989 indictione
751 2927 779 3005 2,
800 2925 859 2989 sub
879 2925 930 2990 die
946 2927 1042 2990 tertio
1060 2925 1223 2991 Nonarum

98 3013 274 3090 Maiarum,
305 3011 389 3095 quod
419 3014 524 3076 evenit
545 3011 627 3075 feria
650 3019 779 3094 quarta,
810 3012 865 3094 qui
888 3019 959 3077 erat
981 3034 1084 3076 annus
1107 3014 1225 3095 princi·

97 3106 193 3181 patus
212 3099 324 3162 Karoli
341 3099 495 3182 principis
514 3098 692 3162 vicesimus.
734 3097 871 3161 Censum
891 3104 1008 3177 autem,
1027 3120 1121 3180 quem
1140 3099 1223 3163 idem

97 3205 206 3249 comes
229 3185 392 3266 professus
416 3191 464 3247 est
487 3184 714 3261 transsolvere,
742 3205 843 3266 usque
870 3185 911 3248 ad
935 3185 1077 3248 Witlaici
1099 3184 1226 3249 abbatis

97 3281 248 3353 tempora
279 3271 365 3334 omni
396 3291 481 3334 auno
511 3269 680 3351 patribus‘l
711 3270 804 3332 istius
835 3269 980 3333 coenobii
1011 3270 1132 3354 absque
1158 3271 1225 3335 ulla

98 3358 295 3421 retractione
323 3355 581 3438 persolvebatur,
612 3355 652 3419 de
675 3355 799 3419 Ulmiro
830 3355 978 3420 videlicet
1000 3378 1037 3420 ao
1061 3357 1223 3436 Warinna,

98 3465 161 3526 quo
185 3448 317 3506 sanctus
341 3442 509 3506 Riobertus
532 3461 664 3525 corpore
687 3442 868 3523 requiescit.

184 3529 270 3592 Hinc
287 3527 487 3611 perpendant
504 3534 644 3591 rectores
659 3549 696 3590 ac
717 3528 856 3609 praelati
871 3527 1107 3607 coenobiorum,
1127 3548 1221 3610 quam

98 3616 247 3697 nequiter
274 3636 313 3677 ac
342 3614 513 3678 infeliciter
542 3621 654 3677 contra
683 3613 818 3677 salutem
850 3615 976 3677 animae
1008 3635 1085 3678 suae
1116 3620 1222 3696 agant,

98 3704 151 3784 qui
181 3699 318 3783 praedia
347 3721 385 3763 ac
411 3721 462 3763 res
485 3721 505 3762 a
531 3698 624 3763 bonis
647 3720 685 3763 ac
708 3699 811 3762 Deum
834 3698 1019 3763 timentibus
1042 3698 1223 3764 hominibus

99 3786 261 3850 coenobiis
280 3786 365 3849 suis⁰
386 3786 505 3849 collata
527 3785 566 3848 de
592 3786 661 3849 iure
687 3785 914 3849 aecclesiarum
938 3806 975 3848 ac
998 3785 1222 3849 coenobiorum

99 3873 208 3936 ablata
240 3871 451 3934 dominationi
486 3871 683 3934 contradunt
717 3873 895 3954 potentium
927 3892 964 3935 ac
995 3870 1225 3934 dominiorum¹

100 3957 273 4035 hominum,
298 3958 350 4040 qui
374 3957 414 4020 de
436 3958 567 4040 proprio
591 3956 720 4039 quidem
739 3956 786 4019 nil
803 3957 957 4035 tribuunt,
982 3957 1037 4020 sed
1056 3956 1135 4021 haec
1153 3957 1223 4040 ipsa

99 4095 120 4140 ι)
138 4096 274 4144 pertinentes
287 4107 304 4134 e.
358 4093 438 4144 b)roil.
452 4094 535 4133 vlllam.
588 4093 698 4143 e)novem
712 4094 759 4133 edd.
821 4094 843 4144 d)
857 4096 955 4144 partibus
969 4107 985 4134 o.
1045 4093 1067 4145 e)
1080 4097 1132 4133 strnt
1144 4107 1162 4136 c.
1175 4096 1222 4135 edd.

99 4147 160 4198 Ouio
173 4159 190 4185 c.
197 4162 205 4195 ,·
219 4147 371 4186 dominicorum
385 4147 432 4186 edd.

102 4252 126 4314 l)
158 4250 224 4303 Vide
241 4267 327 4316 supro
347 4265 375 4316 p.
391 4251 432 4312 17,
455 4267 481 4301 n.
498 4251 518 4304 l.
597 4250 623 4317 2)
648 4250 737 4304 Situm
754 4252 784 4303 ia
800 4266 871 4317 papo
896 4250 1062 4311 Velcosse'no;
1087 4251 1146 4304 edd.
1161 4267 1223 4318 per·

98 4335 191 4387 perum
206 4319 336 4385 praebent
353 4318 494 4371 Malcham.
