2850 4906
235 269 269 324 32
453 266 567 321 GESTA
586 265 763 320 ABBATUM
781 265 1142 320 FONTANELLENSIUM.

235 441 318 503 quae
342 420 458 502 largita
487 441 507 483 a
536 421 629 484 iustis
658 419 817 498 fuerant⁸,
848 427 974 500 gratum
1004 418 1066 484 sibi
1093 441 1131 482 ac
1153 419 1362 501 temporalem

236 506 441 589 adquirentes
456 507 620 584 honorem,
640 527 765 588 gregem
781 507 841 569 sibi
857 507 1061 569 commissum
1080 507 1113 568 iu
1133 506 1362 586 praecipitium

235 593 380 670 mittunt,
413 613 470 673 pro
502 613 637 674 quorum
669 591 796 655 casibus
828 591 1007 655 districtam
1039 593 1072 654 in
1104 590 1156 655 die
1188 592 1363 654 novissimo

236 677 382 742 exolvent
399 699 544 760 poenam.
583 677 702 760 Nempe
721 679 835 741 melius
853 678 968 740 fuisset
981 699 1019 740 ea
1038 676 1099 754 die,
1118 678 1247 759 quando
1267 698 1361 759 prae-

236 762 324 828 fatae
353 785 404 827 res
436 764 475 827 de
504 765 567 827 isto
601 763 752 828 coenobio
785 763 915 827 luerunt
943 762 1104 841 sublatae,
1138 771 1173 827 ut
1204 765 1288 845 ignis
1319 762 1363 826 ibi

236 849 478 929 accenderetur,
507 852 561 932 qui
585 851 736 912 universa
762 849 909 912 aedificia
932 848 1077 912 funditus
1101 850 1363 931 consumpsisset,

236 935 386 1017 quoniam
417 934 523 999 decies
555 941 651 999 antea
680 936 801 1017 quisset
831 933 1034 999 reaedificari
1066 956 1161 1016 quam
1199 937 1281 998 tales
1312 956 1363 998 res

235 1021 414 1104 adquirere.
460 1021 552 1100 Nam,
577 1021 661 1084 unde
684 1021 801 1084 milites
829 1020 949 1084 Christi
976 1021 1160 1084 alimoniam
1188 1042 1364 1102 conseque·

235 1106 363 1184 bantur,
392 1107 466 1171 inde
488 1127 573 1170 nunc
594 1113 705 1187 pastus
729 1107 897 1171 exhibetur
919 1106 1066 1184 canibus,
1094 1115 1127 1170 et
1148 1106 1233 1169 unde
1256 1107 1363 1170 lumen

236 1198 311 1257 ante
333 1214 422 1257 aram
449 1193 568 1257 Christi
591 1194 624 1255 in
648 1194 805 1257 aeeclesia
828 1194 933 1257 lucere
956 1192 1087 1272 solebat,
1110 1192 1184 1256 inde
1207 1193 1363 1270 armillae,

235 1279 335 1343 baltei
364 1285 396 1342 et
425 1279 566 1342 calcares
599 1277 801 1342 fabricantur
834 1299 957 1342 necnon
987 1279 1084 1342 sellae
1114 1279 1249 1361 equinae
1284 1299 1364 1342 auro

237 1371 432 1446 argentoque
451 1363 653 1430 decorantur.
692 1365 726 1427 ln
745 1386 810 1428 una
829 1366 913 1428 enim
931 1363 983 1428 die
1001 1365 1061 1428 iste
1080 1365 1192 1427 infelix
1212 1371 1364 1447 operatus

236 1458 285 1514 est
306 1449 425 1514 malum
448 1451 516 1528 hoc,
541 1450 596 1514 sed
619 1451 651 1512 in
673 1456 722 1513 tot
744 1471 901 1514 annorum
924 1450 1084 1514 curricula
1108 1450 1364 1514 emendationem

236 1558 298 1600 non
321 1537 449 1618 recepit.
496 1535 642 1612 Qualiter
664 1537 749 1600 enim
772 1537 810 1600 de
834 1557 890 1600 suo
913 1536 1120 1600 elemosinam
1143 1536 1228 1599 valet
1245 1535 1364 1615 facere,

237 1623 292 1705 qui
323 1623 444 1686 alienas
477 1643 528 1685 res
563 1621 659 1700 tollit,
692 1643 763 1686 oum
793 1622 937 1686 Zacheus
974 1622 1027 1686 ille
1066 1630 1192 1685 statura
1227 1621 1365 1704 pusillus

96 1727 192 1772 Luc-19,
206 1709 324 1772 edicat
346 1707 388 1771 ad
410 1709 591 1771 Dominum:
616 1708 761 1787 Domine,
783 1731 846 1772 ecce
868 1709 1035 1772 dimidium
1058 1709 1203 1771 honorum
1227 1729 1365 1770 meorum

236 1796 276 1858 do
297 1793 502 1879 pauperibus,
528 1804 556 1857 et
577 1795 607 1857 si
628 1794 676 1856 ali
696 1795 752 1857 nid
773 1795 885 1889 iniust}
915 1794 1014 1857 alicui
1043 1794 1170 1870 obstuli,
1201 1794 1301 1856 reddo
1329 1793 1365 1855 in

138 1948 142 1956 ‚
237 1879 465 1965 quadruplum?
506 1879 547 1942 Et
566 1881 592 1942 si
615 1879 655 1942 de
676 1818 860 1944 hominibus
888 1882 943 1962 qui
966 1901 1016 1943 res
1040 1880 1175 1943 aliorum
1198 1881 1365 1942 hominum

237 1973 295 2030 aut
322 1967 490 2048 pecuniam
519 1965 687 2043 invadunt,
718 1975 754 2029 ut
785 1968 817 2029 in
845 1966 1061 2049 quadruplum
1090 1965 1239 2044 reddant,
1271 1967 1365 2028 iuxta

236 2050 416 2134 exemplum
437 2051 538 2134 ipsius
562 2051 678 2114 Zachei
701 2052 902 2134 euangelium
924 2052 1120 2135 pronuntiat,
1148 2057 1180 2114 et
1201 2058 1278 2115 tunc
1301 2051 1365 2114 ele-

237 2139 393 2201 mosinam
415 2137 568 2220 proximis
592 2137 786 2219 impendant,
809 2137 887 2220 quid
910 2137 1079 2200 dicendum
1104 2143 1153 2200 est
1171 2137 1209 2200 de
1234 2136 1285 2200 his
1308 2138 1365 2218 qui

236 2245 289 2288 res
319 2222 550 2287 aecclesiarum
579 2229 611 2285 et
640 2224 742 2306 ipsius
766 2225 825 2286 Dei
855 2225 979 2287 aeterni
1002 2222 1154 2286 auferunt
1184 2230 1215 2286 et
1244 2225 1364 2286 iterum

237 2310 344 2374 seculo
373 2309 589 2375 contradunt?
641 2309 757 2372 Veniet
790 2309 873 2372 euim
904 2310 967 2372 illis
1003 2307 1089 2392 quod
1120 2307 1279 2372 Dominus
1307 2329 1366 2391 per

107 2413 144 2454 Es.
154 2412 185 2461 1³,
196 2412 227 2449 11·
237 2395 425 2479 prophetam
462 2396 569 2476 impiis
605 2396 819 2458 comminatur
853 2394 974 2459 dicens:
1015 2394 1151 2459 Visitubo
1186 2418 1280 2480 super
1314 2417 1366 2458 eoa

237 2483 322 2544 mala
346 2492 374 2545 et
397 2482 547 2565 quiescere
562 2479 691 2562 faciani
712 2481 887 2565 superbiam
909 2481 1077 2564 impioram
1100 2491 1128 2544 et
1146 2482 1364 2566 strepentium

230 2567 367 2652 fortium
390 2567 579 2628 hurniliahot
626 2565 693 2629 Nec
715 2568 797 2630 enim
822 2568 941 2649 poterit
963 2587 1016 2629 eos
1039 2588 1152 2629 aurum
1172 2573 1230 2630 aut
1251 2587 1365 2647 argen-

237 2661 304 2717 tum
324 2653 462 2716 liberare
479 2672 581 2734 neque
597 2650 736 2732 divitiae,
756 2674 838 2735 quae
858 2654 993 2715 nuncin
1012 2652 1137 2734 angulis
1151 2652 1364 2729 abscondunt,

237 2746 269 2803 et
292 2760 331 2801 ex
354 2737 469 2820 quibus
493 2747 682 2819 arrogantes
705 2737 819 2816 effecti,
848 2738 986 2802 salutem
1009 2760 1099 2802 suam
1123 2738 1364 2802 obliviscuntur.

238 2824 331 2888 Tales
354 2825 470 2907 quippe
498 2830 638 2887 rectores
660 2825 830 2906 nequiores
853 2833 928 2888 sunt
957 2825 1106 2907 paganis,
1139 2825 1307 2907 quoniam,
1326 2825 1365 2886 si

238 2932 382 2992 paganus
411 2914 516 2974 locum
546 2911 618 2991 igne
648 2913 849 2988 cremaverit,
879 2918 996 2974 terram
1028 2917 1135 2973 tamen
1163 2931 1270 2974 secum
1301 2930 1365 2973 non

238 2997 329 3061 tollit.
375 2996 484 3059 Talem
507 2996 604 3058 vitam
627 2994 773 3060 finientes
796 2996 999 3077 excipiuntur
1025 2997 1066 3060 ab
1094 2996 1144 3060 his
1177 2996 1233 3079 qui
1261 2995 1365 3059 Greco

238 3082 365 3165 eloquio
388 3089 540 3145 vocantur
562 3081 637 3144 theo
659 3083 880 3165 ypocthonyoe
890 3083 909 3143 ¹.

36 3165 227 3214 nxnnnueperu.
322 3168 424 3221 Huius
442 3185 523 3221 anno
541 3171 671 3237 quarto,
719 3169 751 3221 ui
778 3173 827 3222 est
845 3169 1027 3223 dominicae
1045 3168 1288 3222 incarnationis
1306 3170 1366 3230 737,

35 3218 426 3312 OgffijMffiJgff'nunciatum
460 3240 510 3290 est
544 3238 668 3290 invicto
734 3239 822 3291 arolo
858 3239 1016 3304 principi,
1057 3237 1139 3306 quod
1174 3253 1250 3290 seva
1286 3254 1366 3305 gens

48 3306 501 3369 cinonvenan.Sarraceuorum,
526 3305 663 3359 obtenta
684 3304 890 3373 Septimania
915 3310 946 3360 et
969 3306 1078 3366 Gotia,
1101 3307 1134 3359 iu
1161 3309 1274 3372 partes
1301 3307 1366 3359 iam

48 3374 432 3428 Fredetl·0·¹⁰9·Provintiae
458 3375 635 3427 irruissent
657 3378 866 3444 castrumque
891 3376 1149 3428 munitissimum
1169 3375 1366 3428 Avinionem

125 3459 295 3511 *pauper
330 3443 476 3497 fraudem
507 3442 705 3511 quorundam
737 3442 1007 3510 *provintialium
1040 3443 1232 3496 comitatum
1268 3443 1366 3496 illum

239 3513 474 3566 obtinuissent.
517 3510 723 3579 Quapropter
747 3513 924 3566 exercitum
949 3528 1164 3580 congregans,
1190 3512 1274 3564 illuc
1299 3513 1367 3565 iter

239 3580 420 3650 dirigebat,
434 3581 690 3650 praemissisque
701 3580 895 3661 quibusdam
906 3582 1129 3634 exercitussui
1142 3580 1366 3647 principibus,

239 3651 293 3719 qui
316 3653 458 3703 castrum
480 3649 682 3710 obsiderent,
711 3666 780 3716 ipse
803 3653 995 3716 prosecutus
1022 3654 1072 3703 est
1093 3648 1366 3718 praedictamque

239 3719 349 3772 urbem
371 3718 542 3771 obsidione
567 3717 760 3780 circumdat;
785 3719 1011 3788 machinisque
1036 3718 1230 3785 compositis
1254 3719 1368 3772 urbem

239 3787 495 3841 munitissimam
513 3786 638 3840 diruitb
660 3787 828 3855 ipsamque
847 3804 914 3840 cum
932 3787 1181 3841 habitatoribus
1200 3787 1268 3839 suis
1288 3788 1367 3855 igne

239 3859 271 3910 et
306 3855 418 3924 gladio
453 3856 621 3909 consumit.
673 3855 838 3908 Rodanum
879 3855 994 3909 dehinc
1035 3856 1173 3908 fluvium
1212 3856 1366 3919 transiit,

240 3924 417 3979 Gothorum
436 3924 520 3977 lines
539 3925 740 3990 penetravit,
759 3923 954 3988 Narbonem,
973 3925 1083 3978 urbem
1101 3923 1366 3988 celeberrimam,

240 3994 358 4047 castris
381 3993 623 4054 circumcinxit,
646 4008 752 4060 regem
776 3991 1025 4047 Sarracenorum
1058 3994 1184 4047 nomine
1207 3992 1367 4047 Adthima

240 4079 307 4116 cnm
326 4061 536 4115 satellitibus
554 4061 620 4114 suis
639 4060 760 4114 ibidem
779 4061 927 4114 reclusit.
963 4062 1048 4115 Haec
1073 4061 1245 4114 audientes
1264 4062 1366 4114 maio-

240 4148 289 4184 res
306 4134 384 4184 natu
398 4129 661 4192 sarracenorum,
681 4130 736 4197 qui
749 4130 961 4183 morabantur
975 4132 1006 4183 in
1021 4132 1153 4199 regione
1167 4129 1366 4196 Hispaniae,

240 4224 261 4275 a)
274 4225 395 4264 vocobulum
408 4224 477 4263 decere
489 4224 579 4262 videtur.
630 4222 653 4272 b)
667 4222 739 4261 deruit
752 4233 769 4262 c.

241 4301 266 4369 l)
286 4301 340 4355 drot
359 4297 512 4374 ὑποχθόνιοι.
