2850 4906
193 308 227 362 54
416 304 528 359 GESTA
547 303 723 358 ABBATUM
741 303 1101 358 FONTANELLENSIUM.

281 459 332 523 De
361 457 473 522 libris
503 469 620 523 vero⁸z
652 457 877 522 bibliotecam¹
906 460 1076 540 optimam,
1107 459 1323 522 continentem

197 552 287 609 vetus
315 565 354 608 ac
375 565 492 608 novum
514 549 742 608 testamentum
772 565 844 608 cum
872 543 1125 626 praefationibus
1152 565 1191 608 ac
1221 543 1322 607 initiis

195 631 353 694 librorum
382 631 489 694 aureis
518 630 634 694 litteris
663 630 838 708 decoratis;
867 630 932 694 sive
960 630 1060 694 libros
1086 630 1324 712 expositionum

195 717 282 781 beati
298 716 466 799 Augustini
484 716 517 778 in
530 715 648 780 Genesi
664 715 706 778 ad
722 715 864 779 litteram
878 716 1024 780 volumen
1037 737 1143 782 unum.
1153 774 1156 782 ,
1168 714 1323 779 Eiusdem

196 802 455 885 explanationum
481 801 514 865 in
541 800 689 865 omnibus
712 801 844 883 psalmis
866 802 1028 865 volumina
1054 804 1126 866 tria.
1168 801 1323 865 Eiusdem

195 894 309 953 contra
339 888 497 953 Iulianum
526 887 703 952 hereticum
732 888 879 951 volumen
908 909 1015 951 unum.
1069 887 1146 952 Item
1178 887 1323 951 eiusdem

196 973 312 1038 librum
335 974 391 1057 qui
413 973 765 1038 diciturEnkiridiouis
788 974 933 1038 volumen
956 995 1064 1037 unum.
1101 974 1181 1038 Item
1204 972 1324 1037 librum

196 1061 337 1124 eiusdem
349 1061 403 1142 qui
413 1060 532 1124 dicitur
548 1058 649 1123 ‘Unde
660 1059 789 1123 malum’
806 1059 952 1124 volumen
968 1081 1075 1126 unum.
1106 1059 1188 1123 Item
1204 1059 1323 1123 librum

93 1166 181 1214 *asse
197 1146 405 1229 epistolarum
421 1146 561 1210 eiusdem
576 1145 617 1208 ad
633 1145 776 1210 diversos
789 1146 935 1209 volumen
952 1167 1059 1211 unum.
1090 1145 1190 1209 *Item
1204 1144 1323 1208 librum

195 1232 337 1297 eiusdem
372 1232 427 1314 qui
458 1231 691 1315 praetitulatur
728 1232 766 1296 de
794 1231 941 1295 doctrina
971 1231 1147 1296 christiana
1175 1231 1324 1295 volumen

194 1339 301 1384 unum.
341 1317 423 1381 Item
439 1318 581 1382 eiusdem
597 1317 725 1381 decemb
744 1317 914 1382 cordarum
929 1317 1076 1381 volumen
1092 1338 1200 1382 unum.
1242 1317 1324 1382 Item

196 1425 291 1486 super
327 1404 494 1486 epistolam
529 1403 683 1467 Iohannis
717 1402 864 1467 volumen
898 1426 1005 1467 unum.
1064 1403 1145 1467 Item
1179 1403 1323 1467 eiusdem

195 1490 348 1554 adversus
375 1490 545 1571 epistolam
577 1487 798 1553 fundamenti2
824 1489 970 1553 volumen
1001 1510 1108 1554 unum.
1162 1487 1324 1554 Omeliare

196 1575 339 1640 eiusdem
369 1575 514 1639 volumen
546 1597 654 1640 unum.
708 1576 949 1656 Expositionem
982 1575 1070 1639 beati
1098 1574 1262 1640 Ambrosii
1292 1575 1323 1638 in

196 1662 303 1725 Lucae
326 1661 527 1744 euangelium
551 1663 698 1725 volumen
721 1684 828 1725 unum.
874 1662 1091 1746 Epistolarum
1115 1660 1260 1725 eiusdem
1284 1660 1324 1724 ad

195 1748 337 1812 diversos
367 1748 512 1832 volumen
540 1769 649 1811 unum.
701 1748 779 1812 Item
808 1747 951 1812 eiusdem
978 1747 1094 1811 librum
1121 1748 1178 1831 qui
1203 1747 1325 1810 dicitur

196 1832 340 1897 debono
364 1834 644 1898 mortis'volumen
667 1856 775 1898 unum.
820 1834 901 1896 ltem
925 1834 1066 1898 eiusdem
1090 1833 1128 1898 de
1150 1834 1268 1916 Ioseph
1287 1854 1324 1896 ac

196 1920 364 1983 duodecim
395 1919 588 2002 patriarchis
622 1919 770 1983 volumen
803 1941 911 1986 uuum.
967 1920 1184 2003 Epistolarum
1220 1919 1324 1983 sancti

196 2006 374 2070 Hieronimi
395 2006 541 2070 volumen
565 2027 672 2072 unum.
717 2006 934 2088 Epistolarum
956 2006 1057 2070 sancti
1077 2004 1158 2069 Sixti
1182 2005 1323 2087 episcopi

197 2092 343 2156 volumen
361 2114 468 2157 unum.
505 2092 721 2156 Historiarum
745 2090 873 2173 Iosephi
896 2092 1043 2156 volumen
1066 2113 1174 2156 unum.
1211 2089 1326 2172 Tagii3

196 2179 427 2243 sententiarum
448 2178 594 2242 volumen
613 2200 721 2245 unum.
762 2178 1009 2260 Excerptionum
1027 2178 1147 2240 Paterii
1164 2177 1203 2240 de
1219 2182 1324 2241 vetere

196 2285 234 2327 ac
251 2284 331 2328 novo
348 2270 541 2328 testamento
559 2286 597 2328 ex
614 2265 775 2346 opusculis
791 2264 878 2329 beati
895 2263 1043 2344 Gregorii
1059 2284 1163 2346 papae
1177 2263 1325 2326 volumen

196 2371 303 2416 unum.
341 2349 471 2432 Euipii⁴
486 2373 524 2414 ex
546 2350 708 2434 opusculis
723 2350 809 2414 beati
824 2350 994 2431 Augustini
1012 2350 1159 2414 similiter
1177 2349 1324 2412 volumen

196 2458 303 2499 unum.
348 2436 493 2517 Gregorii
512 2437 545 2498 in
564 2442 655 2518 parte
675 2437 781 2501 media
799 2435 856 2500 Iob
873 2435 1019 2499 volumen
1038 2457 1145 2500 uuum.
1190 2434 1325 2499 Librum

196 2521 354 2604 Fulgentii
395 2523 538 2603 episcopi
576 2521 793 2604 Cartagiensis
833 2522 980 2586 volumen
1000 2600 1003 2604 Α
1020 2543 1128 2588 unum.
1190 2520 1324 2583 Librum

196 2607 333 2671 Ferandi
347 2607 474 2671 diaconi
489 2608 664 2672 aecclesiae
674 2609 913 2691 Cartaginensis
928 2607 1075 2671 volumen
1090 2627 1196 2671 unum.
1217 2605 1324 2671 Bedae

196 2695 229 2756 in
252 2692 368 2756 Genesi
390 2695 589 2775 expositione
611 2695 760 2759 volumen
782 2716 889 2759 uuum.
938 2693 1090 2757 Eiusdem
1113 2693 1152 2756 de
1175 2696 1323 2774 compoto

198 2801 235 2843 ac
271 2779 396 2842 ratione
431 2788 613 2862 temporum
645 2781 792 2845 volumen
826 2802 933 2843 unum.
991 2779 1209 2843 Colleotaneos
1244 2778 1323 2842 duos

198 2886 294 2947 super
328 2867 405 2928 anni
440 2867 559 2931 circulo
593 2866 687 2930 Pauli
722 2867 850 2931 diaconi
884 2866 1046 2930 volumina
1079 2865 1151 2932 duo.
1209 2864 1324 2928 Libros

197 2951 357 3033 glosarum
380 2951 469 3016 duos
497 2952 658 3016 volumina
688 2952 759 3019 duo.
814 2952 909 3017 Liber
937 2971 1096 3016 canonum
1125 2951 1323 3015 diversorum

197 3036 404 3101 conciliorum
426 3039 571 3104 volumen
594 3060 702 3104 unum.

283 3121 437 3187 Aedificia
469 3131 576 3187 autem
605 3124 734 3206 publica
764 3146 803 3187 ao
832 3125 957 3205 privata
986 3122 1026 3186 ab
1054 3123 1124 3203 ipso
1151 3128 1266 3203 coepta
1293 3127 1324 3185 et

198 3216 418 3273 consummata
462 3209 541 3274 haec
584 3217 666 3276 sunt.
731 3210 883 3292 Inprimis
923 3209 1144 3272 dormitorium
1184 3208 1322 3272 fratrum

197 3293 430 3358 nobilissimum
460 3297 601 3360 construi
633 3295 724 3374 fecit,
756 3295 926 3360 habentem
960 3293 1170 3374 longitudinis
1205 3293 1322 3375 pedum

197 3381 407 3444 ducentorum
423 3390 504 3461 octo,
524 3382 705 3446 latitudinis
723 3403 796 3445 vero
814 3381 926 3462 viginti
946 3387 1081 3461 septem;
1104 3400 1201 3461 porro
1220 3379 1323 3443 omnis

198 3469 266 3530 eius
296 3465 420 3531 fabrica
446 3469 622 3550 porrigitur
649 3469 682 3532 in
710 3467 880 3532 altitudine
903 3466 1018 3548 pedum
1041 3467 1210 3547 sexaginta
1233 3472 1324 3549 quat-

197 3560 299 3633 tuor⁰;
328 3553 418 3617 cuius
441 3555 524 3619 muri
547 3554 586 3617 de
610 3554 695 3618 calce
721 3553 917 3618 fortissimod
939 3573 976 3616 ac
998 3552 1139 3616 viscosa(l
1161 3573 1322 3634 arenaque

197 3638 270 3703 rufa
297 3644 330 3703 et
356 3638 460 3704 fossili
486 3640 656 3723 lapideque
683 3640 786 3704 tofoso
815 3661 852 3703 ac
879 3638 1014 3720 probato
1042 3645 1217 3703 constructi
1240 3644 1321 3703 sunt.

198 3724 304 3788 Habet
335 3746 461 3808 quoque
495 3726 648 3790 solarium
683 3727 715 3788 in
750 3725 854 3788 medio
889 3725 952 3803 sui,
988 3724 1168 3803 pavimento
1202 3725 1321 3805 optimo

197 3811 395 3889 decoratum,
435 3815 486 3875 oui
526 3812 662 3895 desuper
701 3823 749 3875 est
785 3812 920 3892 laquear
954 3808 1154 3873 nobilissime
1188 3809 1321 3891 picturis

198 3903 358 3974 ornatum3
383 3899 584 3962 continentur
605 3899 639 3960 in
658 3898 727 3980 ipsa
746 3897 841 3960 domo
860 3897 996 3977 desuper
1014 3895 1174 3959 fenestrae
1192 3897 1321 3971 vitreae,

198 3988 374 4064 cunctaque
392 3985 461 4048 eius
478 3984 611 4061 fabrica,
631 3991 762 4066 excepta
776 3983 925 4060 maceria,
945 3981 984 4046 de
999 3981 1132 4045 materie
1146 4000 1321 4062 quercuum

197 4084 218 4136 a)
232 4091 304 4125 autem
317 4087 377 4126 hanc
390 4088 449 4127 dedit
462 4089 544 4137 coptum
555 4088 602 4127 edd.
655 4088 678 4139 b)
691 4092 739 4127 aare
747 4100 813 4127 vocem
823 4088 896 4126 decem
907 4087 962 4125 dirae
971 4089 1048 4125 litterae
1057 4097 1128 4125 erasae
1136 4088 1186 4123 rant
1196 4097 1213 4124 c.
1266 4085 1286 4135 c)
1299 4086 1321 4124 in

197 4142 376 4189 inargentatae.
430 4139 452 4189 d)
465 4141 526 4179 sice.

197 4207 223 4271 1)
242 4208 259 4259 i.
273 4224 293 4260 a.
313 4209 403 4262 biblia.
474 4210 499 4269 2)
522 4210 569 4263 Sic
587 4210 688 4263 diadar
709 4225 749 4274 ep.
773 4208 946 4273 Manichaei;
968 4209 1030 4261 aide
1049 4208 1164 4274 August.
1190 4207 1259 4273 opp.
1282 4206 1320 4260 ed.

197 4276 390 4410 Gigiiiiw’
405 4295 434 4345 p.
450 4279 506 4330 151.
584 4279 609 4341 3)
631 4279 695 4331 Tati
712 4277 964 4342 Caesaraugustam
981 4277 1107 4343 episcopi.
1186 4275 1213 4340 4)
1232 4276 1319 4344 Lege:
