2850 4896
341 277 455 332 Gnsrn
476 276 653 331 ABBATUM
671 276 1033 332 FONTANELLENSIUM.
1219 283 1252 335 15

122 448 206 492 anno
232 430 299 493 10⁸·
311 430 332 496 ¹.
379 429 472 504 Quod
498 437 565 493 tarn
593 429 717 492 sollerti
744 428 851 494 studio
875 450 1063 512 summaque
1090 430 1252 494 industria

120 515 299 596 perfeetum
322 522 380 593 est,
403 522 440 579 ut
460 536 542 597 pene
565 515 621 578 illo
644 516 677 577 in
699 521 843 597 tempore
866 514 991 579 Galliae
1018 515 1168 597 Belgicae
1194 537 1251 580 seu

121 600 293 665 Neustriae
315 601 412 664 terris
435 601 598 682 singulare
621 606 714 664 esset.

208 685 419 750 Aedificavit2
443 707 518 768 ergo
541 685 709 767 praefatus
732 686 946 749 ammirabilis
968 693 1061 768 pater
1084 688 1115 749 in
1140 688 1298 766 cedema)

120 773 193 835 loco
221 772 390 836 basilicam
420 774 453 834 in
480 772 609 835 nomine
637 771 817 835 beatissimi
846 772 1000 853 principis
1029 773 1251 854 apostolorum

121 858 226 936 Petri,
261 855 443 938 quadrifido
473 877 569 939 opera
598 856 810 920 ducentorum
839 859 1014 938 nonaginta
1042 858 1160 939 pedum
1194 859 1251 923 ha-

120 943 249 1007 bentem
272 945 306 1005 in
327 942 538 1024 longitudine,
567 962 664 1023 porro
694 943 727 1003 in
756 940 927 1006 latitudine
956 943 1091 1024 triginta
1118 949 1249 1025 septem.

123 1029 265 1090 Alteram
303 1027 440 1110 denique
477 1029 509 1090 in
541 1026 662 1090 honore
698 1026 841 1090 doctoris
877 1028 1036 1108 gentium,
1070 1029 1250 1092 beatissimi

120 1115 228 1177 vasisb
251 1114 416 1176 electionis
441 1113 542 1190 Pauli,
566 1113 704 1175 mirandi
729 1113 844 1193 operis.
891 1112 1034 1176 Tertiam
1056 1135 1194 1195 namque
1218 1117 1251 1177 in

120 1201 326 1263 veneratione
355 1199 434 1263 clari
465 1199 618 1280 martyris
646 1197 766 1261 Christi
794 1197 969 1261 Laurentii.
1020 1198 1111 1262 Misit
1142 1209 1250 1264 autern

121 1284 225 1348 isdem
244 1285 444 1348 venerandus
462 1291 564 1365 pater,
584 1284 658 1345 dum
677 1283 754 1346 huic
773 1284 862 1364 operi
880 1285 1052 1363 insisteret,
1072 1286 1251 1348 antefatum

120 1376 269 1452 nepotem
285 1391 378 1432 suum
394 1368 558 1432 Godonem
578 1368 619 1432 ad
635 1370 748 1432 urbem
762 1368 953 1432 Romuleam
970 1376 1103 1452 propter
1116 1375 1251 1452 pignera

122 1456 292 1519 beatorum
315 1454 537 1537 apostolorum
561 1474 598 1516 ac
621 1463 800 1536 martyrum
824 1455 959 1534 Christi,
984 1462 1034 1534 ut,
1062 1454 1250 1520 aedificatas

120 1541 273 1604 basilicas
282 1539 307 1620 ³,
343 1542 375 1603 in
412 1548 542 1622 promtu
577 1539 714 1603 haberet
749 1539 904 1622 reliquias
944 1561 1026 1622 quas
1061 1542 1248 1622 imponeret.

123 1627 185 1704 Qui
207 1628 290 1689 votis
311 1627 357 1708 pii
382 1626 500 1708 *patris
523 1625 734 1689 libentissime
757 1646 885 1705 parens,
909 1626 1040 1707 Alpium
1063 1628 1139 1708 iuga
1160 1634 1353 1698 trau-*parc

122 1711 294 1791 scandens,
325 1712 459 1775 Romam
489 1711 587 1788 abiit,
626 1709 790 1773 Vitaliano
819 1710 928 1793 papa4
965 1711 1077 1775 eodem
1107 1720 1251 1794 tempore

120 1796 330 1880 pontificante
349 1797 458 1861 sedem
478 1795 620 1860 eiusdem
642 1796 828 1875 aecclesiae,
847 1805 944 1878 atque
963 1804 1130 1879 acceptam
1149 1799 1250 1861 maxi-

122 1903 205 1946 mam
229 1884 439 1965 reliquiarum
462 1884 586 1964 copiam
610 1882 833 1963 apostolorum
856 1904 894 1946 ac
921 1889 1099 1965 martyrum
1119 1882 1250 1963 Christi,

123 1990 203 2050 quas
227 1971 324 2032 etiam
352 1968 556 2031 dinumerare
585 1967 714 2049 longum
739 1972 797 2044 est,
827 1967 955 2032 rediens
985 1989 1094 2031 secum
1124 1969 1248 2048 detulit,

121 2075 244 2117 necnon
281 2060 313 2118 et
343 2053 505 2117 volumina
540 2051 667 2115 diversa
699 2052 890 2116 Sanctarum
923 2052 1165 2134 scripturarum
1200 2075 1251 2117 ve-

121 2141 199 2203 teris
224 2159 263 2202 ac
285 2140 358 2202 novi
379 2139 562 2203 testamenti
584 2139 788 2218 maximeque
812 2139 931 2219 ingenii
952 2139 1131 2202 beatissimi
1153 2147 1251 2220 atque

122 2225 293 2306 apostolici
315 2245 419 2306 papae
433 2224 589 2306 Gregorii.
629 2223 718 2298 Quae
741 2225 849 2286 omnia
872 2223 973 2286 isdem
992 2224 1193 2287 venerandus
1212 2246 1251 2287 ac

122 2332 193 2374 cum
227 2312 313 2374 omni
345 2308 592 2373 honorificentia
624 2309 838 2372 nominandus
871 2315 965 2390 pater
996 2307 1250 2391 wandregisilus

121 2396 348 2460 venerabiliter
367 2397 522 2477 suscepit3
546 2397 701 2458 accersito
722 2397 819 2458 etiam
837 2394 986 2476 praesule
1005 2395 1250 2475 Rotomagensis

122 2482 298 2546 aecclesiae
312 2480 457 2559 Dadone,
476 2480 642 2563 praefatas
660 2481 843 2559 aecclesias,
863 2501 943 2562 quas
958 2478 1195 2558 aedificaverat,
1215 2487 1252 2544 ut

123 2573 326 2631 consecraret
355 2567 514 2648 simulque
540 2568 676 2647 pignera
695 2587 779 2648 quae
801 2566 964 2629 antefatus
979 2565 1071 2629 Godo
1091 2588 1163 2628 cum
1182 2567 1250 2629 eius

122 2654 318 2717 auctoritate
340 2652 482 2716 Romae⁰
509 2654 649 2733 petierat
671 2650 791 2715 Christi
815 2653 994 2732 imponeret
1016 2652 1092 2730 aris,
1116 2651 1251 2733 supplex

121 2745 244 2802 exorat.
291 2737 383 2813 Quod
406 2740 453 2801 ita
475 2758 495 2800 a
521 2737 669 2818 praefato
693 2737 842 2818 praesule
865 2744 902 2799 ut
922 2739 1063 2818 petierat
1084 2738 1251 2819 impletum

122 2831 179 2890 est.
216 2823 382 2904 Diligebat
400 2830 508 2886 autern
532 2821 622 2885 illum
641 2822 742 2885 isdem
760 2822 905 2904 pontifex
923 2822 1106 2886 dilectionis
1125 2825 1250 2886 fervore

122 2910 389 2988 eminentissima,
423 2912 470 2972 ita
505 2914 541 2971 ut
572 2908 757 2989 frequenter
788 2909 829 2972 ab
862 2908 941 2971 urbe
975 2909 1142 2989 egrediens
1178 2929 1250 2971 eum

120 2997 239 3060 viseret
267 3015 305 3058 ac
334 2995 442 3057 dulcia
470 2994 631 3075 colloquia
659 3014 732 3056 cum
760 3014 797 3056 eo
821 2994 964 3070 haberet,
995 2994 1155 3075 dignaque
1182 2993 1250 3057 Deo

121 3082 269 3145 consulta
304 3086 442 3162 uterque
473 3081 667 3161 susciperet,
703 3080 849 3160 pontifex
883 3080 1031 3143 videlicet
1066 3080 1172 3143 clarus
1209 3079 1249 3142 ab

122 3169 249 3248 egregio
278 3166 457 3247 presbitero
480 3186 519 3228 ac
548 3165 697 3247 agonista
724 3167 903 3246 perspicua,
935 3164 1101 3247 isdemque
1131 3164 1251 3227 Christi

120 3253 212 3316 miles
241 3271 261 3314 a
287 3251 519 3334 gloriosissimo
546 3251 704 3332 praesule.
763 3249 986 3313 Monstrantur
1019 3271 1121 3331 usque
1156 3249 1251 3312 hodie

121 3338 205 3401 lecta
235 3337 409 3400 eorundem
439 3334 559 3398 Christi
587 3335 725 3398 militum
754 3356 791 3398 ac
819 3337 958 3416 preciosi
980 3336 1005 3397 F
1007 3336 1127 3399 iliberti
1156 3334 1251 3398 Gem-

120 3423 304 3486 meticensis
332 3422 478 3485 coenobii
504 3422 607 3502 patris
635 3421 667 3483 in
697 3419 847 3484 destina5
874 3421 1015 3502 quadam
1048 3422 1139 3484 iuxta
1166 3421 1251 3484 basi-

121 3509 216 3572 licam
247 3508 323 3570 almi
350 3506 543 3570 confessoris
567 3505 687 3569 Christi
709 3506 852 3569 Amantii
874 3506 1065 3570 Rotenensis
1088 3504 1249 3587 quondam

122 3595 262 3657 civitatis
285 3592 454 3676 praesulis,
478 3593 511 3655 in
534 3592 652 3673 quibus
675 3597 788 3654 sancta
811 3592 946 3655 menbra
974 3598 1048 3673 post
1077 3588 1250 3654 almificam

121 3680 327 3744 collationem
349 3678 450 3762 quieti
472 3678 551 3741 dare
574 3684 815 3755 consueverant,
839 3697 962 3741 necnon
989 3684 1021 3740 et
1051 3676 1250 3739 humillimae

121 3765 229 3844 sellae,
249 3766 367 3847 quibus
386 3764 559 3827 consedere
577 3764 662 3826 inter
680 3782 793 3826 sacrae
812 3762 1035 3826 collocutionis
1052 3762 1149 3824 verba
1162 3760 1250 3824 soliti

121 3857 222 3914 erant.
261 3850 403 3926 Quorum
427 3849 564 3930 denique
587 3849 692 3912 oratio
711 3868 775 3912 non
798 3848 864 3911 alia
887 3854 958 3912 erat
975 3868 1073 3928 quam
1091 3846 1131 3908 de
1152 3866 1250 3926 regno

120 3991 141 4038 ι)
155 3989 372 4028 nnmeruatnraanra
382 3987 560 4037 cirumcidetur,
574 3988 686 4025 atramento
695 3989 777 4034 positas
786 3996 820 4033 c.,·
832 3986 853 4025 4.
861 3984 909 4024 edd.
949 3983 971 4035 b)
986 3994 1025 4021 ras
1039 3994 1057 4022 c.
1098 3987 1117 4028 c)
1132 3982 1221 4020 Romam
1232 3996 1250 4023 c.

123 4092 146 4152 1)
165 4091 357 4144 Constantinus
375 4093 435 4144 ΙΙΙ.
458 4091 606 4144 Heraclius
629 4108 653 4143 a.
673 4091 822 4153 elo—641,
846 4089 978 4142 Constans
996 4090 1038 4141 II.
1061 4088 1251 4142 a.641—668.

120 4161 146 4224 2)
166 4161 387 4227 Insequentibus
402 4176 545 4226 perpauca
558 4176 590 4212 ea
612 4159 688 4212 Vitae
707 4158 853 4224 Wandrcq.
874 4175 895 4210 c.
912 4159 950 4210 14.
965 4165 989 4210 et
1004 4159 1044 4212 13.
1062 4157 1250 4221 incalescant,

119 4231 222 4296 reliqna
236 4231 264 4281 in
280 4229 342 4282 Vna
352 4230 375 4281 1.
389 4245 444 4282 nan
457 4231 636 4296 reperiantur.
697 4229 724 4292 3)
743 4228 761 4281 i.
771 4243 792 4279 e.
807 4225 954 4278 aedificatis
968 4225 1094 4286 basilicis,
1108 4233 1139 4279 at
1152 4241 1250 4277 manns

117 4299 296 4367 posterioria
314 4299 403 4350 codice
419 4298 540 4351 radenda
558 4298 678 4350 corrasit
749 4296 777 4359 4)
792 4297 825 4347 Α.
840 4295 983 4349 esa-672.
1054 4295 1080 4359 5)
1100 4309 1216 4350 canera.
