2850 4906
322 299 436 354 GESTA
455 298 630 352 aussiiuii
649 297 1008 354 FONTANELLENSIUM.
1191 303 1225 355 29

99 473 134 510 ei
158 456 360 510 confessione
385 454 477 508 beati
495 453 588 507 Petri
613 454 834 520 apostolorum
859 455 1021 522 principis
1047 456 1224 522 accipiens,

99 525 221 579 Karolo
248 524 393 592 principi
419 523 557 582 direxit.
584 526 620 576 ut
645 523 817 576 Romanam
845 540 909 576 rein
930 523 1095 590 publicam
1114 525 1152 579 ab
1171 542 1225 591 op·

98 595 268 662 pressione
294 591 580 661 Langobardorum
606 590 792 645 liberaret¹.
828 592 925 646 Eodem
949 609 1017 646 anno
1035 593 1148 646 Kaiolus
1166 579 1378 671 per‚nnn7.³1¹²ainv.

98 665 170 717 rexit
185 662 353 716 Wasconiam
367 665 459 714 contra
472 660 608 714 Eudonem
622 661 777 727 principem,
792 661 847 740 qui
865 661 1064 715 tirannidem
1081 679 1225 729 assump·
1322 660 1327 670 '

98 735 204 795 serat,
217 729 433 799 etRaganiridus
443 729 571 782 intarta
584 733 657 796 post
670 746 768 782 annos
781 729 962 783 tirannidis
976 730 1224 798 quatuordecim

98 812 220 862 mortuus
244 813 293 862 est.
336 796 536 861 Venerabilis
567 798 726 880 presbiter
756 797 844 860 Beda
875 797 1044 861 historiam
1076 800 1226 862 aecclesi-

98 888 245 964 asticam,
268 905 364 967 quam
387 883 426 946 de
449 892 542 965 gente
566 904 634 962 sua,
657 882 690 946 id
714 891 763 947 est
784 883 968 964 Anglorum
992 891 1225 966 composuerat,

99 993 201 1054 usque
223 973 255 1035 in
279 973 365 1033 hunc
387 991 505 1032 annum
528 968 668 1032 mirabili
692 989 788 1050 opere
807 968 967 1050 perduxit,
991 977 1024 1032 et
1044 992 1104 1032 iioii
1123 971 1223 1034 multo

96 1064 172 1140 post
194 1057 346 1121 caelestia
368 1077 467 1138 regua
489 1056 584 1138 petiit
606 1057 635 1119 7.
653 1054 785 1119 Kalend.
810 1054 926 1122 lunii2.

188 1143 248 1206 Hic
279 1141 390 1207 Laudo
421 1142 603 1224 impetravit
638 1161 658 1202 a
692 1140 838 1225 praefato
871 1142 992 1205 liarolo
1026 1141 1225 1224 privilegium

99 1230 313 1292 immunitatis
336 1227 520 1310 perhennis,
551 1229 584 1290 iii
611 1247 674 1308 quo
697 1228 892 1305 continetur,
922 1226 1008 1310 quod
1039 1228 1225 1292 coenobium

98 1315 188 1378 istud
211 1315 269 1378 sub
288 1335 348 1377 sua
366 1314 551 1377 defensione
570 1333 607 1376 ac
627 1313 765 1376 tuitione
784 1312 869 1377 idem
886 1317 1036 1395 princeps
1055 1315 1226 1397 specialius

97 1407 264 1483 receptum
296 1400 442 1476 haberet,
485 1407 516 1463 et
557 1397 617 1461 hoc
658 1399 744 1461 omni
777 1399 972 1463 Francorum
1006 1400 1124 1483 populo
1160 1402 1225 1463 sive

98 1487 261 1568 episcopis
292 1507 348 1550 seu
384 1485 608 1549 coenobiorum
646 1484 793 1567 patribus
832 1507 956 1549 necnon
992 1496 1024 1550 et
1055 1486 1225 1550 comitibus

100 1572 312 1655 omnibusque
327 1570 527 1636 exactoribus
541 1571 587 1634 rei
606 1570 753 1653 publicae
772 1570 891 1653 *gentis
906 1572 1100 1636 Francorum
1115 1578 1226 1635 notum
1241 1591 1277 1642 ’μ
1289 1593 1334 1631 isa.

99 1680 171 1723 esse
203 1659 315 1735 voluit,
352 1659 504 1740 quatinus
539 1678 590 1720 res
622 1657 715 1721 istius
747 1658 892 1721 coenobii
926 1660 1135 1741 universaque
1168 1679 1227 1722 sua

99 1745 189 1809 salva
211 1765 280 1807 esse
304 1746 459 1818 valerent,
488 1763 588 1806 neca
615 1763 777 1826 quoquam
804 1742 899 1826 diripi
927 1753 985 1808 aut
1013 1745 1227 1808 contaminari

99 1831 149 1894 vel
175 1832 209 1894 iii
236 1831 345 1911 aliquo
372 1829 436 1893 ledi
459 1849 647 1911 quocunque
671 1837 800 1910 possent
822 1831 958 1912 iugenio,
1006 1831 1154 1894 deditum
1178 1840 1227 1894 est

99 1917 160 1980 hoc
183 1917 382 1998 privilegium
407 1917 439 1978 in
459 1916 521 1979 isto
540 1913 701 1990 coenobia,
725 1924 915 1997 suggerente
934 1916 1044 1979 eodem
1064 1918 1223 1999 episcop0,

99 2024 138 2066 ac
162 2002 316 2065 iratribus
339 2001 486 2065 omnibus
509 1999 814 2065 intercedentibus3.
1200 2089 1205 2101 ι
1246 2075 1279 2112 ax
1295 2073 1343 2111 m

185 2089 289 2142 Huius
325 2105 407 2142 anno
437 2086 587 2149 secundo,
624 2087 655 2140 id
687 2091 737 2140 est
768 2087 951 2141 dominicae
982 2088 1225 2142 incarnationis
1258 2125 1337 2163 dem

100 2158 401 2226 septingentesimo
419 2157 589 2210 tricesimo
607 2155 757 2217 secundo,
775 2154 876 2209 Eodo⁴¹
895 2155 955 2208 dux
969 2156 1224 2225 Aquitaniorum
1248 2136 1356 2216 cidini.

100 2243 236 2281 cernens
271 2244 302 2280 se
337 2230 525 2293 superatum
561 2229 593 2278 et
629 2224 667 2278 ad
698 2223 933 2278 defendendam
964 2227 1107 2291 patriam
1138 2229 1379 2296 manlieu-⁷³2³it

100 2300 216 2350 contra
230 2295 383 2349 Karolum
402 2311 433 2347 se
451 2293 577 2347 viribus
596 2310 664 2346 esse
683 2293 895 2355 destitutum,
915 2298 1043 2362 gentem
1062 2280 1377 2361 perfidamlf²⁶·⁰·¹⁰⁸·

98 2365 352 2418 Sarracenorum
383 2363 421 2416 ad
449 2361 674 2416 auxiliandum
700 2362 765 2415 sibi
792 2363 923 2416 invitat.
968 2361 1028 2427 Qui
1055 2380 1121 2416 cuin
1149 2381 1224 2431 rege

98 2452 154 2487 suo
184 2434 363 2487 Abdirama
393 2431 575 2486 Garunnam
610 2431 750 2484 fluvium
786 2434 970 2494 transeunt,
1011 2432 1224 2500 Burdigalam

98 2503 210 2556 urbem
233 2504 463 2569 pervenerunt,
488 2500 601 2580 ibique
624 2500 798 2553 aecclesiis
818 2501 876 2553 Dei
895 2501 970 2567 igne
992 2501 1224 2562 concrematis,

98 2572 320 2640 pluribusque
335 2570 533 2623 christianis
547 2569 751 2631 interfectis,
765 2586 864 2638 usque
879 2569 917 2622 ad
932 2569 1100 2624 Pictavom
1113 2569 1224 2623 urbem

97 2640 243 2708 proiecti
261 2642 349 2699 sunt,
375 2638 613 2706 basilicamque
631 2639 738 2691 sancti
757 2638 882 2691 Hilarii
907 2639 982 2706 igne
1007 2641 1224 2702 concremata,

99 2709 136 2762 ad
154 2708 339 2763 beatissimi
353 2707 490 2760 Martini
509 2707 703 2760 aecclesiam
720 2706 972 2760 subvertendam
991 2724 1112 2760 summo
1130 2724 1224 2760 cona·

99 2779 185 2832 mine
211 2777 383 2846 proficisci
407 2775 617 2829 contendunt.
661 2773 781 2828 Contra
805 2792 882 2844 quos
908 2776 1047 2829 Karolus
1073 2778 1224 2842 princeps

99 2848 193 2901 iuxta
217 2847 327 2900 urbem
352 2845 518 2898 Pictavem
545 2845 645 2898 aciem
671 2845 856 2897 construxit
879 2850 912 2897 et
933 2862 1028 2911 super
1052 2862 1116 2909 eos,
1135 2847 1224 2898 invo-

99 2920 171 2970 cato
190 2914 317 2969 Christi
335 2914 472 2975 auxilio,
491 2913 678 2980 intrepidus
696 2913 798 2966 irruit
815 2917 847 2967 et
866 2930 918 2966 eos
936 2930 1006 2966 cuin
1024 2930 1099 2982 rego
1117 2931 1224 2967 eorum

99 2983 257 3054 usquead
276 2983 529 3037 internitionem
549 2982 681 3035 delevit.
722 2982 942 3051 Acceptisque
964 2983 1081 3050 spoliis
1104 2999 1224 3041 eorum,

99 3070 217 3107 nomen
235 3052 364 3106 Domini
383 3051 591 3119 glorificaris,
610 3054 682 3105 tota
700 3051 762 3104 iani
777 3050 959 3119 Aquitania
977 3051 1138 3114 subacta5‚
1157 3068 1224 3105 cuin

99 3130 267 3196 triumpho
285 3129 323 3183 ad
341 3129 476 3196 propria
494 3128 682 3181 revertitur.
708 3118 803 3182 Rexit
816 3126 924 3182 autem
937 3119 1125 3183 coenubium
1139 3120 1223 3183 istud

100 3205 185 3269 idem
208 3207 377 3287 episcopus
400 3204 510 3268 Laudo
533 3226 590 3287 per
613 3224 712 3268 annos
735 3211 814 3282 tres,
843 3204 1005 3288 lapsisque
1035 3227 1147 3268 cursus
1176 3206 1224 3268 sui

99 3291 202 3369 annis,
226 3292 389 3374 ingressus
413 3299 462 3353 est
484 3292 567 3354 viam
591 3297 728 3370 patrum,
752 3291 860 3372 sicque
883 3291 1066 3373 sepulturae
1085 3290 1224 3354 traditus

100 3379 132 3441 iii
164 3378 320 3441 aecclesia
350 3376 436 3440 beati
472 3377 560 3439 Petri
591 3378 809 3457 apostolorum
841 3377 994 3459 principis
1027 3377 1123 3440 huius
1156 3399 1224 3439 coe-

99 3463 189 3527 nobii
209 3463 461 3527 Fontinelleusis.
499 3462 588 3525 Obiit
605 3471 712 3526 autem
732 3461 833 3526 isdem
853 3464 1020 3545 episcopus
1040 3462 1151 3526 Laudo
1174 3465 1222 3526 17.

100 3547 234 3614 Kalend.
258 3550 349 3614 Febr.

209 3828 212 3835 Α
295 3755 342 3819 10.
380 3753 497 3817 Gesta
525 3754 723 3818 Teutsindi
745 3754 835 3818 mali
858 3755 1034 3818 rectoris.

185 3892 378 3956 Teutsindus
418 3898 510 3975 pater
545 3891 688 3956 coenobii
721 3891 830 3955 Sancti
867 3891 998 3954 Martini
1032 3890 1224 3954 Turonensis

102 3979 275 4043 aecclesiae
308 3979 441 4041 sortitur
470 3976 572 4041 locum
603 3978 765 4060 regiminis
796 3976 836 4039 ab
859 3998 941 4040 anno
971 3976 1149 4040 dominicae
1177 3978 1223 4039 in-

100 4064 295 4128 carnationis
340 4065 623 4146 septingentesimo
666 4064 828 4127 tricesimo
873 4068 1000 4145 quarto,
1049 4062 1224 4126 indictione

103 4205 127 4266 1)
151 4205 218 4257 Vide
234 4203 310 4268 infru
328 4220 349 4255 c.
367 4204 404 4255 12.
458 4201 484 4265 2)
506 4202 572 4255 Vide
586 4208 720 4255 commetat.
738 4203 755 4254 l.
769 4202 786 4254 l.
837 4199 864 4266 3)
884 4198 925 4266 Of.
939 4202 1119 4256 Mllblbaclier
1130 4219 1172 4255 ar.
1182 4203 1224 4255 39.

99 4272 127 4408 Ξ)
140 4272 333 4403 619ienia'5cdoiie
357 4273 425 4325 ciacc
448 4271 508 4323 vido
533 4274 647 4339 Breyai'y
670 4272 687 4323 l.
705 4271 722 4322 l.
747 4286 775 4337 p.
789 4269 831 4322 30.
917 4269 944 4335 5)
970 4270 1011 4336 Of.
1035 4272 1152 4339 Breysip
1177 4272 1224 4324 ll.
