2850 4906
224 283 259 337 34
442 280 557 336 GESTA
577 280 753 336 ABBATUM
771 280 1135 336 FONTANELLENSIUM.

225 434 394 512 adducam,
419 435 474 515 qui
493 442 606 498 aratra
623 439 731 498 vestra
749 441 872 498 rectum
892 432 1008 498 doceat
1026 433 1171 498 sulcare’.
1209 434 1359 516 Expletis

225 528 334 583 autem
358 520 442 583 idem
466 520 656 583 Ermharius
679 521 847 584 curriculis
870 520 993 584 dierum
1018 541 1157 597 suorum,
1185 519 1359 583 defunctus

221 627 262 687 ¹ac
285 607 318 668 in
341 604 477 669 basilica
499 605 586 670 beati
612 607 698 669 Petri
721 606 942 686 apostolorum
966 606 1134 687 principis,
1165 605 1198 669 in
1222 605 1360 668 introitu

224 691 365 754 eiusdem
405 690 558 754 basilicae
588 698 662 755 ante
698 694 816 755 ostium
850 690 1032 774 aquilonale
1067 699 1173 755 terrae
1209 691 1359 755 conditus

225 782 284 855 est,
310 775 369 839 sub
392 775 492 839 nobili
516 776 663 840 videlicet
686 777 827 840 eiusdem
850 777 1024 840 aecclesiae
1042 778 1235 858 pavimento,
1260 778 1360 859 scrip-

223 870 356 944 tumque
396 868 445 925 est
481 863 514 924 in
551 863 740 945 cooperculo
777 861 938 944 sepulchri
975 864 1025 925 sui
1061 861 1261 929 huiusmodi:
1297 862 1360 924 Hic

223 949 386 1031 requiescit
409 947 599 1010 Errabnrius
620 949 824 1032 praepositus.

494 1122 542 1184 11.
580 1117 695 1183 Gesta
724 1118 896 1181 Widonis
924 1117 1094 1185 abbatis.

312 1229 405 1293 Wido
434 1231 570 1293 sortitur
598 1230 701 1293 locum
728 1228 894 1311 regiminis
921 1228 962 1291 ab
991 1250 1074 1292 anno
1103 1228 1283 1292 dominicae
1312 1228 1360 1292 in-

224 1316 421 1378 carnationis
445 1317 518 1392 738,
546 1315 624 1397 qui¹
647 1320 718 1377 erat
740 1335 844 1377 annus
866 1316 989 1396 primus
1013 1313 1168 1377 Hilderici
1191 1315 1359 1378 novissimi

223 1402 321 1483 regis,
355 1400 469 1463 Karoli
497 1407 605 1464 autem
635 1401 790 1482 principis
814 1400 984 1463 vicesimus
1007 1406 1130 1474 sextus,
1157 1421 1358 1483 perannum

224 1507 332 1552 unum,
381 1485 443 1548 Hic
472 1507 611 1568 namque
642 1486 840 1569 propinquus
864 1484 978 1548 Karoli
999 1486 1155 1568 principis
1179 1486 1271 1563 fuit²‚
1304 1486 1360 1568 qui

224 1572 321 1635 etiam
350 1572 581 1635 monasterium
605 1570 716 1633 Sancti
740 1570 886 1649 Vedasti,
913 1570 999 1653 quod
1026 1573 1129 1635 estin
1153 1571 1360 1634 Atrebatensi

224 1658 397 1733 territorio,
420 1657 491 1719 iure
513 1657 678 1738 regiminis
702 1657 806 1719 tenuit
828 1678 947 1720 annum
971 1678 1070 1719 unum
1094 1659 1178 1721 sicut
1197 1663 1229 1720 et
1248 1657 1359 1720 istum.

224 1743 306 1806 Erat
340 1750 448 1805 autem
482 1741 520 1805 de
556 1741 754 1806 secularibus
784 1741 908 1806 clericis
938 1742 1110 1825 gladioque
1138 1764 1233 1825 quem
1263 1742 1360 1806 semi·

225 1829 364 1910 spatium
397 1834 514 1891 vocant
548 1848 673 1910 semper
707 1828 870 1892 accinctus
901 1848 1041 1910 sagoque
1071 1849 1129 1910 pro
1157 1849 1261 1911 cappa
1288 1833 1359 1891 ute·

225 1914 321 1977 batur
343 1933 520 1995 parumque
545 1913 803 1977 aecclesiasticae
826 1912 1016 1994 disciplinae
1039 1914 1181 1994 imperiis
1213 1913 1360 1994 parebat.

224 1997 307 2062 Nam
330 1999 455 2081 copiam
479 2019 594 2062 canum
622 1997 830 2080 multiplicem
859 2019 984 2081 semper
1011 1998 1163 2078 habebat,
1193 2020 1266 2062 cum
1293 2020 1360 2082 qua

225 2085 389 2147 venatorio
413 2085 501 2166 operi
525 2084 655 2148 assidue
683 2082 868 2162 insistebat,
897 2085 1133 2166 sagittatorque
1163 2085 1359 2167 praecipuus

225 2171 258 2232 in
286 2169 424 2233 arcubus
457 2170 570 2252 ligneis
605 2169 646 2233 ad
674 2190 747 2232 aves
770 2168 932 2233 feriendas
960 2176 1031 2233 erat
1062 2170 1175 2252 bisque
1205 2170 1359 2252 operibus

226 2255 329 2337 magis
364 2276 459 2337 quam
494 2256 742 2319 aecclesiasticis
775 2276 809 2318 se
842 2255 1020 2320 exercebat.
1073 2256 1254 2320 Accusatus
1284 2276 1360 2320 vero

223 2341 310 2423 apud
346 2342 522 2423 principem
560 2340 730 2417 Karolum‚
769 2340 855 2424 quod
894 2342 1164 2424 conspirationem
1203 2341 1358 2405 adversus

122 2441 211 2491 *io-28⁵·
226 2427 318 2489 illum
341 2448 414 2490 cum
437 2427 510 2490 aliis
534 2427 707 2490 meditatus
735 2426 850 2504 *esset
880 2427 972 2491 iussu
995 2427 1136 2490 eiusdem
1160 2427 1292 2491 exarchi
1317 2427 1357 2491 ad

225 2513 346 2594 regiam
369 2512 499 2576 domum
523 2512 724 2595 compellitur
747 2513 893 2594 migrare.
936 2512 998 2588 Qui
1021 2513 1096 2576 dum
1114 2520 1265 2595 pergeret
1284 2534 1357 2576 cum

225 2598 420 2661 satellitibus
461 2599 576 2679 regim,
619 2599 779 2661 venientes
820 2599 853 2661 in
894 2599 1054 2661 territorio
1091 2598 1356 2678 Veromandensi,

225 2684 341 2766 capitis
363 2684 563 2766 praecisione
586 2683 759 2748 damnatur
782 2682 963 2765 ibidemque
983 2684 1078 2764 digno
1101 2684 1135 2746 in
1157 2685 1227 2747 loco
1251 2685 1357 2767 sepul-

223 2776 316 2833 turae
339 2777 388 2833 est
410 2769 560 2834 traditus.
597 2769 686 2832 Haec
708 2790 747 2832 ex
769 2769 925 2833 relatione
944 2769 1112 2832 cuiusdam
1135 2768 1270 2851 patris3,
1301 2770 1357 2852 qui

224 2856 329 2935 ipsum
353 2854 459 2918 videre
482 2860 617 2938 poterat,
640 2854 748 2932 didici,
772 2854 859 2937 quod
886 2855 933 2918 ita
954 2856 1041 2919 vitae
1064 2854 1247 2921 decesserit.
1294 2855 1357 2933 Qui

224 2941 321 3003 etiam
349 2940 442 3003 Wido
473 2940 661 3004 coenobium
692 2941 801 3004 Sancti
825 2940 972 3018 Vedasti,
1003 2941 1088 3022 quod
1119 2949 1168 3005 est
1199 2943 1297 3005 situm
1327 2946 1358 3005 in

225 3024 431 3088 atrebatensi
453 3026 629 3101 territorio,
661 3032 696 3089 ut
719 3027 865 3109 superius
889 3026 1086 3090 declaratum
1110 3033 1167 3104 est,
1196 3049 1357 3091 unacum

225 3111 288 3173 isto
311 3131 429 3174 annum
453 3110 520 3174 fere
542 3133 640 3174 unum
663 3118 736 3192 post
756 3112 937 3193 Gogisleum
960 3114 1031 3176 iure
1053 3113 1191 3175 rectoris
1214 3113 1358 3177 tenuisse

225 3195 352 3261 dicitur.
398 3196 457 3258 Cui
481 3197 637 3259 successit
658 3197 824 3260 Romanus
847 3198 880 3260 in
903 3199 973 3279 ipso
997 3197 1150 3261 coenobio
1174 3219 1232 3280 per
1255 3220 1358 3262 annos

224 3288 301 3346 tres.
338 3280 421 3344 Huic
440 3281 569 3344 Widoni
592 3281 728 3362 largitus
755 3287 804 3346 est
822 3283 952 3365 quidam
971 3283 1205 3366 paterfamilias
1229 3285 1357 3349 nomine

224 3365 433 3448 Raginfridus
463 3368 642 3447 portionem
670 3366 812 3449 aliquam
836 3368 875 3431 de
894 3369 970 3432 villa
986 3390 1068 3450 quae
1087 3369 1206 3433 dicitur
1225 3371 1356 3448 Leuctra,

225 3472 309 3600 acurio
335 3451 611 3578 primo4eiusdem
639 3454 724 3534 regis
748 3452 917 3533 Hilderici;
946 3475 1028 3536 quae
1057 3456 1119 3518 sita
1146 3457 1250 3518 estin
1274 3477 1357 3538 pago

252 3538 469 3604 cnstantin0.

407 3711 456 3774 12.
493 3708 607 3773 Gesta
637 3709 857 3791 Raginfridi
888 3711 1179 3794 archiepiscopi.

311 3818 519 3900 Raginfridus
559 3819 689 3900 praesul
732 3821 907 3883 aecclesiae
944 3821 1190 3902 Ratumagensis
1230 3823 1357 3886 extitit⁵

225 3902 354 3984 regendi
385 3904 490 3968 locum
521 3905 581 3969 sub
612 3925 697 3968 anno
728 3904 905 3968 dominicae
936 3907 1167 3971 incarnationis
1195 3909 1271 3984 739,
1303 3909 1356 3991 qui

225 4022 251 4089 1)
278 4024 358 4078 Haec
375 4024 449 4085 falso
466 4032 538 4079 suat.
607 4026 634 4090 2)
653 4026 707 4079 Sed
726 4027 805 4079 caius
820 4028 926 4092 prodas
940 4028 1133 4094 propinquitas
1155 4043 1247 4081 eoram
1264 4030 1356 4095 fremit,

224 4109 278 4144 non
292 4099 414 4146 coastat:
430 4093 553 4160 ‘stanam
562 4095 695 4149 Widom'r'
711 4095 741 4146 K
742 4096 812 4147 eroli
819 4097 962 4162 diplomati
975 4097 999 4149 d.
1016 4098 1039 4148 1.
1049 4097 1112 4150 Ion.
1123 4098 1181 4150 722.
1195 4099 1356 4151 monasterio

227 4161 393 4214 Traiectensi
400 4162 473 4227 doto,
488 4164 564 4228 Dipl.
576 4164 645 4215 Mer.
657 4179 685 4228 p.
695 4164 935 4231 98„snbscriptnm
944 4181 1010 4229 esse,
1027 4166 1217 4220 animadvertit
1231 4167 1355 4235 Breyaiy,

224 4230 240 4280 l.
255 4230 272 4281 l.
287 4246 316 4296 p.
331 4231 372 4283 87.
443 4233 469 4296 3)
488 4232 620 4284 Fortasse
638 4232 794 4297 Hardaioi,
820 4232 853 4284 de
870 4248 922 4300 qao
943 4234 1022 4297 infra
1044 4249 1066 4286 c.
1081 4236 1121 4287 16.
1140 4250 1226 4288 sermo
1245 4242 1298 4300 est,·
1322 4235 1355 4300 cf.

225 4313 246 4351 c.
257 4299 298 4350 14.
316 4299 345 4350 ia
363 4298 423 4364 fiae.
488 4300 515 4362 4)
533 4300 574 4352 Le
593 4298 720 4354 Uolcatio.
790 4299 818 4365 5)
837 4301 893 4354 Pro
912 4302 1022 4367 accepit,
1040 4304 1080 4356 ita
1098 4309 1123 4356 et
1139 4303 1217 4368 infre
1236 4320 1258 4357 c.
1269 4305 1310 4358 17.
