2850 4896
222 243 256 296 22
440 239 555 294 GES'I'A
576 239 752 294 ABBATUM
769 237 1131 293 FONTANELLENSIUM.

224 394 357 458 alesiam
381 399 609 472 constructam,
632 393 665 457 in
689 413 754 476 qua
775 393 915 457 hostiam
937 392 1086 458 victimae
1109 393 1263 459 salutaris
1286 394 1358 458 Do-.

223 480 310 544 mino
333 480 531 544 immolabat.
569 480 678 562 Usque
700 479 796 544 hodie
818 499 892 544 vero
916 484 1091 543 cernuntur
1107 481 1246 562 vestigia
1268 482 1347 545 eius-

224 567 296 630 dem
320 564 468 646 aedificii,
487 566 521 629 in
539 586 603 647 quo
623 566 759 630 basilica
780 565 838 629 illa
856 571 1042 630 constructa
1059 564 1130 630 fuit.
1166 564 1348 632 Menstruu-

223 660 277 717 tur
299 673 384 716 nunc
406 673 508 734 usque
531 651 665 716 arbusta
687 652 721 714 in
748 652 850 716 latere
877 653 995 715 montis
1025 652 1167 717 eiusdem
1194 655 1286 736 rupis
1312 675 1348 718 ac

223 736 370 803 vitiferae
401 739 550 818 arbores,
581 759 661 819 quas
688 739 757 820 ipse
786 739 919 820 propria
940 758 1038 802 manu
1066 744 1174 803 terrae
1203 740 1346 819 inseruit,

223 845 346 889 necnon
369 830 401 888 et
422 824 553 907 plantae
576 845 633 888 seu
655 825 736 888 vites
758 825 881 902 vineae,
905 844 1002 905 quam
1024 825 1094 906 ipse
1115 824 1276 907 plantavit
1301 847 1347 905 ac,

125 910 300 976 “a-sedum
318 910 385 974 *ibi
408 910 631 993 philosofaret,
657 909 807 974 excoluit.
858 908 1038 974 Secundum
1066 910 1187 974 dietum
1212 931 1349 995 namque

32 1024 33 1027 ¹
89 1022 125 1061 ns.
139 1023 182 1069 nr,
195 1023 214 1059 a.
224 996 413 1080 psalmistae
435 996 603 1060 laboribus
631 1017 782 1059 manuum
812 1017 944 1059 suarum
970 996 1075 1060 vivere
1105 998 1286 1079 sategebat,
1315 1003 1350 1061 ut

223 1085 252 1147 ei
274 1083 355 1147 bene
386 1086 471 1146 esset
492 1102 530 1145 ae
557 1079 648 1145 finito
672 1081 784 1144 mundi
807 1103 903 1146 cursu
924 1081 1047 1146 videret
1069 1081 1156 1147 bona
1177 1083 1211 1146 in
1238 1081 1350 1149 Iheru-

223 1168 332 1234 salem.
379 1167 504 1232 Idcirco
528 1173 638 1232 autem
666 1167 705 1231 de
729 1189 766 1232 ee
795 1169 858 1232 ista
884 1169 1038 1250 temptavi
1056 1171 1239 1234 memoriae
1262 1191 1350 1233 man-

222 1254 316 1333 dare,
353 1254 505 1335 quoniam
541 1251 580 1317 de
616 1273 654 1317 eo
686 1254 853 1336 multiplex
890 1254 997 1336 opinio
1035 1255 1139 1318 bonae
1175 1255 1260 1320 vitae
1295 1277 1351 1338 per

221 1341 377 1423 plurimos
414 1339 455 1403 ad
494 1359 544 1402 me
579 1339 706 1420 perlata
740 1345 799 1406 est.
861 1340 977 1403 Audivi
1016 1360 1130 1422 nempe
1164 1349 1350 1406 narrantem

223 1426 381 1508 quendam
408 1424 621 1489 venerabilem
650 1446 767 1502 senem,
798 1426 853 1508 qui
880 1426 922 1490 ab
946 1446 983 1488 eo
1007 1425 1129 1506 didicit,
1159 1429 1215 1510 qui
1244 1429 1349 1510 ipsum

223 1512 375 1576 Milonem
407 1511 507 1574 multo
543 1516 686 1593 tempore
717 1512 811 1589 vidit,
851 1511 938 1593 quod
970 1511 1086 1575 fuisset
1119 1518 1246 1577 statura
1277 1534 1350 1596 pro-

224 1619 315 1661 cerus
354 1597 508 1678 vultuque
543 1597 723 1678 angelicus,
762 1598 921 1660 calvitiem
954 1597 1076 1661 habens
1110 1600 1225 1681 eapitis
1258 1621 1350 1664 vene-

224 1682 367 1746 randam.
419 1682 455 1744 In
491 1683 561 1763 ipsa
591 1704 727 1764 namque
762 1684 866 1765 cripta
894 1683 987 1747 bonis
1017 1685 1170 1765 operibus
1199 1686 1350 1750 insistens

224 1791 260 1832 ac
289 1774 416 1831 retruso
447 1769 557 1831 ordine
587 1769 686 1832 vitam
714 1769 1028 1851 irreprehensibilem
1056 1791 1179 1850 gerens,
1210 1778 1350 1836 mentem

224 1854 266 1918 ad
297 1854 449 1918 caelestia
481 1854 640 1917 desideria
672 1876 796 1937 semper
825 1854 1009 1934 intendens,
1039 1858 1227 1938 pauperiem
1258 1858 1351 1922 valde

223 1940 377 2022 gaudens,
397 1938 580 2021 ibidemque
598 1942 777 2022 praesentis
798 1940 882 2004 vitae
899 1940 1042 2004 debitum
1062 1943 1234 2024 complens,
1258 1945 1350 2026 spiri-

224 2032 293 2090 tum
316 2027 384 2090 Deo
407 2025 550 2090 reddidit
575 2026 723 2090 felicitati
750 2026 905 2109 perhenni
932 2028 1198 2108 coniungendum.
1251 2029 1350 2094 Cuius

224 2134 340 2194 corpus
363 2112 396 2174 in
425 2112 613 2176 aecclesiam
644 2112 731 2176 beati
761 2113 902 2194 'apostoli
924 2111 1016 2176 Pauli
1044 2113 1212 2178 advectum
1242 2117 1351 2198 sicque

225 2199 409 2282 sepulturae
432 2205 481 2261 est
499 2197 663 2263 traditum.
700 2197 822 2261 Ferunt
838 2218 977 2281 namque
995 2200 1150 2279 nonnulli,
1170 2201 1258 2282 quod
1277 2208 1351 2267 ante

224 2290 353 2367 portam
379 2284 533 2364 Legensis
561 2283 708 2347 coenobii
738 2305 771 2348 se
799 2284 947 2348 iussisset
976 2285 1145 2366 tumulari,
1173 2292 1271 2369 atque
1291 2288 1351 2352 ibi·

224 2371 296 2434 dem
318 2370 471 2433 humatus
501 2374 664 2450 teneatur3
696 2369 750 2433 sed
774 2374 810 2432 ut
839 2391 897 2451 ego
925 2392 945 2433 a
971 2370 1138 2435 veracibus
1168 2373 1351 2438 senioribus

225 2455 341 2536 didici,
377 2454 574 2519 commodius
603 2455 673 2519 sore
702 2456 858 2535 arbitror,
888 2461 925 2519 ut
953 2456 1009 2520 ubi
1039 2457 1214 2522 monachus
1246 2461 1351 2525 extitit

225 2542 291 2606 illic
310 2543 407 2606 etiam
425 2542 569 2625 sepultus
588 2546 745 2608 teneatur.
783 2542 885 2606 Credo
905 2548 1022 2622 tamen,
1042 2544 1137 2625 quod,
1156 2544 1351 2629 ubicumque

226 2648 300 2692 ossa
330 2628 548 2709 requiescant,
587 2629 696 2691 anima
730 2627 860 2692 fruatur
894 2627 1022 2711 gaudiis
1058 2630 1207 2694 aeternis.
1262 2631 1352 2697 Haec

226 2713 372 2795 quidem,
404 2713 501 2777 veluti
538 2713 651 2776 auditu
683 2713 782 2778 didici
814 2736 851 2778 ac
884 2715 917 2778 in
949 2714 1075 2778 scriniis
1110 2716 1352 2798 privilegiorum

226 2800 328 2863 nostri
356 2799 503 2946 otfrfienobii
525 2801 662 2882 repperi,
693 2800 733 2864 de
755 2799 877 2864 Milone
903 2800 1049 2864 reclauso
1077 2822 1132 2865 seu
1160 2804 1352 2869 anachorita

226 2884 314 2949 dicta
336 2906 374 2948 su
413 2885 508 2950 ciant.

448 3128 477 3192 5.
514 3125 567 3190 De
597 3131 729 3190 sancto
758 3125 860 3208 Baga
888 3128 1122 3209 presbytero.

313 3263 513 3346 Oportunum
544 3269 714 3345 praeterea
744 3262 886 3341 videtur,
918 3271 955 3326 ut
985 3264 1019 3326 in
1046 3264 1117 3328 loco
1140 3265 1202 3329 hoe
1224 3288 1309 3349 quae
1331 3289 1352 3332 a

226 3349 373 3432 pluribus
410 3348 647 3413 venerabilibus
679 3349 756 3412 viris
792 3347 831 3412 de
864 3348 968 3412 bonae
998 3349 1229 3415 recordationis
1260 3352 1353 3435 Baga

228 3436 323 3499 huius
346 3435 492 3500 coenobii
515 3435 673 3499 monacho
700 3455 739 3497 ac
766 3434 945 3518 presbitero
972 3434 1083 3515 didici,
1111 3439 1263 3519 quoniam
1290 3440 1351 3505 sub

227 3521 323 3584 huius
350 3522 453 3604 patris
480 3521 634 3604 regimine
663 3519 705 3583 ad
726 3520 901 3583 Dominum
929 3522 1088 3603 migravit,
1117 3525 1258 3589 inserere
1286 3547 1352 3590 non

228 3608 382 3674 omittam.
428 3607 489 3670 Hie
512 3607 629 3670 etenim
652 3612 782 3669 sanctae
806 3608 1056 3670 conversationis
1078 3610 1126 3672 vir
1149 3631 1188 3673 ex
1208 3610 1352 3675 Brittan·

227 3694 301 3757 nia¹²
324 3693 436 3757 oceani
458 3693 577 3770 insula,
606 3691 765 3756 Saronico
794 3712 833 3755 ex
860 3714 975 3775 genere
1003 3700 1105 3774 ortus,
1132 3695 1193 3759 hec
1221 3696 1352 3762 advenit

229 3779 418 3843 coenobium
446 3800 484 3842 ac
511 3777 687 3860 plurimum
709 3779 862 3860 temporis
885 3779 1025 3862 regulari
1049 3780 1160 3844 ordine
1182 3783 1280 3846 vitam
1303 3783 1351 3847 in-

228 3864 511 3947 reprehensibilem
540 3863 648 3944 gessit.
702 3863 754 3927 lta
784 3885 921 3946 namque
950 3867 983 3927 in
1012 3866 1160 3931 omnibus
1188 3868 1350 3934 mandatis

229 3951 343 4015 divinis
366 3971 400 4014 se
423 3969 572 4013 exercere
595 3949 773 4031 satagebat,
797 3956 834 4013 ut
857 3951 979 4015 cunctis
998 3950 1119 4016 Christi
1139 3952 1270 4017 famulis
1288 3954 1351 4018 hoe

229 4037 262 4098 in
285 4035 439 4100 coenobio
464 4034 712 4099 consistentibus
734 4035 908 4100 imitandus
932 4044 1111 4119 appareret.
1157 4038 1271 4121 Itaque
1298 4063 1351 4105 ex-

228 4121 347 4204 plicitis
369 4120 493 4184 dierum
516 4141 648 4183 suorum
671 4120 852 4200 curriculis
876 4144 938 4205 que
961 4125 1027 4186 iam
1050 4125 1121 4204 [inb]
1149 4126 1256 4188 aulam
1280 4147 1350 4190 cae-

231 4294 252 4341 s)
265 4303 339 4331 manue
352 4303 391 4334 sec.
404 4292 460 4331 XIV.
475 4302 592 4340 cupream:
605 4303 647 4340 que
661 4304 720 4332 nune
733 4295 768 4332 est
780 4290 868 4341 Anglln.
920 4293 942 4340 b)
956 4293 1011 4333 decer
1024 4307 1043 4332 c.
