2850 4906
323 306 438 361 GESTA
456 306 633 361 ABBATUM
651 306 1013 361 FONTANIILLENSIUM.
1198 308 1232 362 57

97 461 136 522 ln
166 458 300 539 psalmis
335 459 550 540 expositiones
585 458 729 522 eiusdem
758 457 832 522 libri
865 458 937 522 duo.
989 457 1231 539 Expositionem

97 543 203 608 sancti
233 543 393 607 Ambrosii
424 544 457 607 in
487 543 630 626 epistolis
659 543 752 607 Pauli
782 543 929 607 volumen
961 563 1069 606 unum.
1120 544 1232 608 Isichii

96 628 270 712 presbiteri
288 629 321 692 in
339 628 481 693 Levitico
503 628 579 692 libri
597 634 719 710 septem
738 628 841 692 codex
858 648 951 692 unus.
989 627 1231 708 Expositionem

98 714 202 778 sancti
232 713 386 778 Iohannis
417 713 767 794 constantinopolitani
799 714 942 795 episcopi
974 713 1008 774 in
1040 713 1167 778 Matheo
1200 721 1233 778 et

96 799 281 881 Apocalipsi
305 800 409 864 sancti
436 798 604 875 Iohannis,
628 800 844 863 continentem
867 800 964 862 etiam
987 797 1104 861 librum
1128 799 1231 863 sancti

98 884 216 948 Isidori
246 883 515 960 differentiarum,
545 883 647 948 codex
675 905 767 951 unus.
818 885 952 948 Librum
983 885 1086 947 sancti
1113 884 1232 948 Hilarii

98 969 240 1052 episcopi
263 976 374 1033 contra
396 968 554 1033 hereticos
578 969 678 1033 codex
700 989 793 1033 unus.
843 969 984 1034 Omelias
1013 969 1100 1033 beati
1126 990 1231 1050 papae

99 1054 248 1136 Gregorii
271 1056 303 1117 in
327 1056 502 1118 novissima
523 1061 614 1137 parte
637 1054 815 1118 Ezechielis
838 1055 1015 1136 prophetae
1043 1055 1092 1118 vel
1114 1056 1232 1134 episto-

96 1141 202 1203 larum
230 1139 374 1204 eiusdem
403 1141 436 1203 in
466 1139 575 1204 codice
603 1159 676 1203 uno.
736 1140 977 1223 Expositionem
1006 1139 1114 1204 Bedae
1144 1161 1233 1222 pres-

97 1225 195 1289 biteri
226 1225 259 1288 in
282 1225 416 1288 Actibus
448 1225 665 1306 apostolorum
698 1224 731 1287 in
759 1225 868 1289 codice
895 1244 968 1289 uno.
1019 1224 1171 1288 Eiusdem
1199 1226 1232 1287 in

99 1310 211 1373 Marco
234 1310 434 1392 euangelista
463 1312 496 1373 in
520 1309 630 1374 codice
660 1330 733 1373 uno.
784 1309 937 1374 Eiusdem
965 1310 998 1373 in
1021 1310 1109 1374 Luca
1136 1331 1233 1374 euan-

98 1395 215 1476 gelista
247 1397 279 1458 in
312 1395 420 1459 codice
451 1415 526 1460 uno.
587 1395 625 1459 In
662 1402 785 1476 septem
821 1396 965 1477 epistolis
1001 1397 1165 1460 canonicis
1202 1401 1233 1459 et

99 1480 285 1562 Apocalipsi
308 1479 462 1544 Iohannis
490 1480 631 1544 eiusdem
661 1481 694 1543 in
724 1480 833 1544 codice
859 1501 933 1546 uno.
982 1480 1116 1544 Librum
1145 1481 1232 1545 testi-

102 1567 281 1629 moniorum
313 1565 432 1629 Isidori
464 1565 504 1628 de
536 1564 664 1630 Christo
702 1571 734 1629 et
765 1567 922 1630 aecclesia
952 1566 986 1628 in
1018 1566 1127 1630 codice
1159 1585 1231 1630 uno.

98 1649 251 1714 Eiusdem
276 1650 583 1732 Aethimologiarum
607 1652 640 1714 in
664 1650 775 1715 codice
797 1655 893 1716 uno*
931 1651 1084 1732 Prosperi
1106 1651 1145 1715 de
1168 1651 1233 1715 vita

98 1736 207 1800 activa
236 1741 268 1799 et
296 1736 542 1818 contemplativa
570 1737 604 1798 in
626 1736 735 1800 codice
758 1757 832 1800 uno.
879 1737 1108 1818 Prognosticon
1131 1737 1233 1800 futuri

98 1821 220 1885 saeculi
252 1821 284 1884 in
320 1821 429 1885 codice
460 1841 535 1887 uno.
592 1821 852 1903 Disputationem
887 1819 962 1885 fidei
993 1821 1078 1885 inter
1105 1823 1232 1886 Arrium

99 1906 277 1971 hereticum
307 1912 338 1970 et
368 1907 581 1970 Athanasium
611 1907 803 1970 catholicum
834 1907 868 1969 in
898 1906 1008 1970 codice
1038 1925 1111 1972 uno.
1157 1907 1233 1988 Epi-

100 1992 255 2056 stolarum
286 1993 391 2055 sancti
415 1991 559 2072 Cipriani
590 1993 742 2075 martyris
773 1993 806 2054 in
837 1990 951 2054 codice'
978 2013 1051 2056 uno.
1106 1992 1234 2055 Alcuini

98 2077 183 2141 liber
211 2077 250 2140 de
279 2077 427 2140 trinitate
460 2078 493 2139 in
528 2075 637 2140 codice
671 2097 743 2140 uno.
798 2076 952 2158 Regulam
984 2077 1088 2141 sancti
1118 2076 1233 2140 Basilii

100 2163 245 2243 episcopi
268 2162 300 2224 in
325 2161 434 2226 codice
457 2180 529 2225 uno.
565 2161 720 2243 Regulam
744 2162 848 2225 sancti
870 2161 1039 2225 Benedicti
1062 2161 1095 2224 in
1123 2161 1233 2225 codice

102 2268 176 2313 uno.
213 2247 391 2311 Historiam
410 2246 684 2310 aecclesiasticam
702 2246 835 2310 Eusebii
851 2245 1071 2311 Caesariensis
1090 2248 1233 2329 episcopi

99 2334 133 2395 in
165 2331 274 2395 codice
305 2353 379 2397 uno.
436 2332 518 2395 Item
556 2332 740 2396 chronicam
777 2331 918 2396 eiusdem
951 2332 984 2395 in
1016 2331 1126 2395 codice
1157 2352 1232 2395 uno.

100 2417 279 2481 Historiam
307 2417 385 2480 item
409 2417 682 2481 aecclesiasticam
704 2417 803 2481 trium
826 2418 981 2494 virorum,
1008 2416 1042 2480 id
1065 2423 1114 2480 est
1135 2416 1232 2480 Zoro-

100 2503 199 2579 meni,
229 2501 433 2577 Theodoriti,
466 2501 623 2580 Socratis,
653 2503 687 2566 in
710 2502 818 2566 codice
841 2523 914 2569 uno.
960 2501 1106 2566 Canones
1129 2501 1234 2566 diver-

101 2608 210 2652 sorum
251 2594 381 2668 patrum
420 2588 454 2650 in
497 2587 662 2651 codicibus
703 2587 838 2655 duobus.
902 2586 1161 2651 Sacramentoria
1199 2588 1232 2649 in

100 2671 264 2738 codicibus
302 2671 437 2736 duobus.
496 2672 680 2737 Cassiodori
716 2673 755 2737 de
792 2673 997 2737 arithmetica
1031 2679 1101 2736 arte
1133 2671 1234 2736 codex

100 2779 194 2823 unus.
231 2757 384 2821 Eiusdem
403 2759 437 2821 in
455 2758 590 2839 psalmis
610 2759 767 2841 expositio
787 2758 887 2822 codex
909 2779 1000 2824 unus
1037 2758 1233 2822 Omeliarum

100 2844 248 2926 Origenis
275 2844 308 2905 in
332 2844 432 2907 veteri
458 2849 651 2907 testamento
679 2844 712 2906 in
736 2843 900 2908 codicibus
927 2842 1096 2909 duobus.**
1142 2843 1234 2906 Vitas

99 2929 270 2994 beatorum
295 2927 513 2991 confessorum
534 2928 723 3005 Hieronimi‚
748 2929 928 3010 Augustini,
953 2927 1110 3009 Gregorii,
1134 2927 1235 2992 codex

101 3035 194 3078 unus.
239 3012 426 3077 Passionem
450 3019 580 3077 sanctae
604 3012 778 3078 Columbae
801 3013 903 3077 codex
925 3035 1017 3080 unus.
1067 3013 1234 3078 Institutio

104 3120 142 3164 ac
165 3098 311 3162 collectio
335 3097 503 3161 cuiusdam
532 3098 571 3162 de
598 3099 665 3162 vita
691 3100 845 3163 canonica
872 3099 972 3163 codex
998 3120 1091 3164 uuus.
1136 3099 1234 3163 Gesta

101 3186 300 3248 Francorum
331 3182 431 3246 codex
460 3205 552 3250 unus.
604 3184 646 3247 Et
677 3184 757 3248 alios
785 3185 953 3267 plurimos,
984 3204 1120 3266 quorum
1150 3205 1234 3247 nunc

100 3271 230 3333 nomina
253 3269 427 3332 memoriae
450 3289 515 3332 non
536 3275 718 3332 occurrunt.

189 3353 226 3416 In
257 3355 504 3417 elemosinarum
533 3373 608 3417 vero
635 3352 864 3436 largitionibus
892 3360 1047 3435 quantum
1076 3353 1234 3416 sollicitus

102 3439 260 3516 extiterit,
302 3441 374 3519 ipsa
413 3440 482 3502 eius
522 3459 622 3518 opera
661 3440 878 3503 testimonium
914 3437 1092 3520 perhibent.
1151 3438 1234 3501 Nam

103 3523 242 3607 quodam
266 3530 418 3605 tempore,
447 3523 481 3586 id
504 3529 553 3586 est
576 3544 660 3587 anno
683 3525 848 3606 regiminis
871 3525 921 3586 sui
945 3523 1079 3601 decimo,
1107 3522 1231 3604 *passio
1247 3546 1337 3597 *assa

102 3608 217 3672 incidit
240 3608 296 3687 illi,
320 3619 435 3690 quam⁸
457 3608 552 3672 Greci
575 3609 731 3688 paralisin
749 3615 872 3685 vocant,
896 3629 1035 3691 moxque
1054 3609 1243 3672 convocatis

102 3693 287 3757 domesticis
311 3714 349 3757 ac
371 3691 518 3757 fidelibus
541 3713 598 3756 seu
621 3695 742 3758 intimis
765 3695 841 3770 suis,
865 3694 948 3758 hanc
971 3715 1078 3758 rerum
1102 3714 1234 3757 suarum

103 3777 362 3843 distributionem
390 3780 529 3860 gratuito
553 3778 659 3842 animo
686 3779 793 3843 facere
816 3781 947 3843 curavit.
994 3779 1083 3855 Quae
1105 3778 1235 3861 largitio

104 3886 159 3928 seu
192 3862 376 3928 distributio
407 3865 508 3946 ipsius
539 3863 629 3927 iussu
660 3885 699 3928 ac
730 3865 965 3946 supplicatione
996 3864 1106 3927 aedita
1137 3870 1185 3927 est
1216 3885 1235 3927 a

103 3951 171 4012 viro
198 3951 372 4013 venerabili
396 3949 610 4013 Hildemanno
632 3949 848 4013 Bellvacensis
870 3949 961 4013 urbis
986 3948 1149 4029 praesule,
1180 3949 1235 4012 ad-

164 4111 187 4176 *)
207 4113 281 4165 Edd.
300 4114 380 4166 odd:
399 4111 524 4191 Eiusdem
542 4111 674 4190 Ilotarum
693 4110 726 4164 ad
740 4110 892 4191 Sisebutum
907 4126 998 4179 regem
1016 4110 1132 4191 codicem
1145 4127 1235 4164 unum.

149 4180 187 4245 **)
206 4181 280 4233 Edd.
300 4182 382 4234 odd:
402 4179 526 4232 Eiusdem
545 4195 574 4230 1n
591 4179 708 4245 psalmos
727 4182 918 4244 expos1t1onem
936 4179 1072 4232 volumma
1089 4179 1149 4233 duo.

109 4322 130 4373 a)
143 4335 164 4371 q.
179 4323 217 4363 Gr.
231 4333 254 4371 p.
268 4334 290 4362 v.
304 4326 351 4371 post
364 4323 388 4360 in
401 4332 467 4373 marg.
481 4323 554 4370 suppl.
567 4331 598 4368 c.‚·
614 4331 635 4369 q.
649 4320 729 4360 medici
741 4332 762 4370 p.
777 4321 825 4360 edd.
