2850 4906
244 269 277 322 56
465 264 577 320 GESTA
596 262 772 320 ABBATUM
790 262 1150 321 FONTANELLENSIUM.

139 441 228 490 *arou
242 423 324 494 tur*,
347 419 439 482 ‘ante
456 419 660 484 refectorium
680 419 857 497 collocavit,
881 420 972 483 ouius
991 421 1116 503 tegulas
1135 420 1249 485 ferreis
1272 420 1370 484 clavis

244 505 400 587 configere
422 506 526 570 iussit.

330 592 365 654 ln
387 592 584 655 Flaviacensi
617 612 744 675 quoque
777 590 928 654 coenobio
960 612 1042 673 quae
1075 592 1255 657 obtulerat⁸
1276 592 1370 664 dona,

244 678 301 741 hoo
325 678 357 739 16
380 677 450 740 1666
477 677 707 741 declarandum
736 678 928 741 censuimus.
981 676 1030 741 lbi
1059 699 1196 761 namque
1228 679 1372 761 gratuita

243 763 440 844 benignitate
474 764 609 845 largitus
644 771 692 827 est
727 764 842 827 calices
873 769 1042 845 argenteos
1074 764 1214 828 diversos
1246 763 1370 842 decem;

243 850 446 932 aquamanile
469 858 654 933 argenteum
678 870 750 912 cum
772 871 867 913 urceo
895 869 952 912 suo
981 857 1147 933 argenteo;
1174 850 1373 914 candelabra

244 942 396 1017 argentea
413 955 544 999 numero
561 941 698 1017 septem;
717 935 817 1016 pallia
835 935 961 998 diversa
979 936 1052 1016 plus
1070 937 1213 1000 minusve
1230 935 1372 1019 quadra-

243 1022 346 1103 ginta;
370 1021 496 1086 casulas
515 1022 661 1104 planetas
680 1042 717 1086 ac
736 1022 880 1085 cindatos
905 1021 1046 1085 diversos
1065 1023 1209 1103 triginta,
1233 1043 1371 1104 quarum

244 1107 367 1171 colores
402 1108 517 1171 honeri
552 1107 678 1171 videtur
710 1106 905 1188 describere;
943 1106 1076 1171 fanones
1108 1129 1146 1171 ac
1176 1108 1276 1171 lintea
1309 1129 1372 1171 non

244 1199 418 1257 occurrunt
439 1195 627 1275 memoriae,
656 1200 733 1275 quot
760 1193 880 1258 fuerint
907 1214 1049 1258 numero.
1095 1193 1134 1257 ln
1156 1192 1275 1257 honore
1298 1214 1371 1257 vero

244 1288 374 1343 sanctae
404 1280 572 1342 Trinitatis
608 1278 774 1342 basilicam
811 1278 1004 1357 aedificavit,
1041 1287 1115 1343 ante
1151 1282 1244 1344 cuius
1280 1300 1371 1343 aram

244 1365 389 1429 tabulam
416 1367 577 1446 argenteis
604 1365 800 1446 imaginibus
828 1365 1012 1429 decoratam
1043 1365 1211 1429 collocavit
1246 1366 1371 1449 ipsique

245 1472 321 1515 arae
356 1472 481 1515 crucem
517 1458 702 1532 argenteam
737 1452 892 1532 imposuit
927 1452 1169 1532 universamque
1206 1450 1369 1514 basilicam

244 1538 341 1601 variis
361 1537 497 1620 picturis
520 1536 665 1600 decorari
687 1537 789 1601 iussit.
827 1536 964 1600 Nomina
986 1546 1094 1601 autem
1111 1536 1270 1600 librorum
1290 1556 1367 1618 quos

244 1624 306 1706 ipsi
329 1623 465 1686 contulit
491 1622 560 1686 loco
587 1623 666 1687 haec
691 1630 779 1686 sunt:
807 1622 989 1686 Pandenteu
1018 1644 1039 1686 a
1067 1622 1161 1687 beato
1185 1623 1368 1686 Hieronimo

246 1730 284 1772 ex
303 1707 429 1773 Hebreo
452 1709 500 1772 vel
517 1709 620 1774 Greco
639 1709 764 1790 eloquio
785 1710 984 1773 translatum.
1021 1708 1173 1772 Eiusdem
1197 1709 1371 1790 expositio-

246 1817 317 1858 nem
332 1795 365 1857 in
379 1794 547 1858 duodecim
566 1795 740 1877 prophetie,
761 1796 858 1878 quotb
872 1801 945 1859 sunt
958 1794 1059 1857 thomi
1073 1795 1194 1876 viginti.
1220 1795 1374 1858 Eiusdem

245 1882 279 1944 16
294 1881 381 1944 isaia
395 1880 552 1962 propheta
566 1880 639 1944 libri
654 1881 763 1945 decem
783 1889 814 1945 et
833 1887 903 1945 octo
921 1880 1067 1945 volumen
1081 1902 1189 1944 unum.
1217 1880 1374 1943 Eiusdem

245 1967 363 2030 librum
386 1967 596 2048 epistolarum
619 1967 875 2031 voluminaduo.
925 1967 963 2029 ln
990 1966 1168 2046 proverbiis
1193 1965 1374 2030 Salomonis

247 2052 388 2116 eiusdem
421 2052 569 2116 volumen
603 2075 710 2118 unum.
767 2053 805 2115 In
839 2052 995 2116 Danihele
1031 2052 1189 2132 propheta
1224 2052 1374 2115 volumen

246 2161 354 2204 unum.
407 2138 445 2201 In
473 2138 639 2220 euangelio
667 2138 787 2202 Mathei
817 2139 973 2214 eiusdem,
1005 2139 1170 2201 continens
1199 2138 1233 2200 in
1261 2137 1373 2201 eodem

247 2225 376 2288 decreta
395 2223 517 2288 Gelasii
540 2245 643 2306 papae
662 2224 701 2288 de
720 2224 811 2288 libris
829 2224 1021 2305 recipiendis
1041 2230 1073 2287 et
1090 2245 1152 2288 non
1171 2223 1373 2306 recipiendis,

247 2318 278 2374 et
310 2311 471 2392 excerptio
509 2310 618 2392 aliqua
654 2310 693 2374 de
733 2309 824 2374 libris
856 2309 1036 2374 Exameron
1073 2311 1176 2374 sancti
1211 2309 1375 2373 Ambrosii

248 2397 399 2478 episcopi,
424 2394 525 2460 codex
548 2417 640 2463 unus,
685 2396 799 2460 Libros
823 2397 926 2461 sancti
945 2397 1117 2477 Augustini
1140 2395 1194 2477 qui
1216 2396 1374 2476 praetitu-

247 2482 357 2545 lantur
387 2481 426 2545 de
456 2481 584 2546 civitate
611 2482 672 2544 Dei
701 2504 831 2546 numero
860 2482 973 2564 viginti
1003 2481 1066 2545 duo
1097 2483 1129 2544 in
1160 2480 1270 2544 codice
1300 2501 1372 2545 uno.

248 2566 400 2632 Eiusdem
424 2567 652 2649 expositionem
676 2568 709 2631 in
731 2568 896 2650 euangelio
924 2570 1028 2631 sancti
1052 2566 1203 2630 Iohannis
1225 2567 1373 2630 volumen

248 2675 356 2717 unum.
403 2652 563 2716 Omeliare
591 2654 733 2718 eiusdem
760 2655 927 2718 continens
954 2673 1114 2716 sermones
1139 2654 1200 2718 147
1227 2654 1374 2716 volumen

248 2762 355 2806 unum.
408 2739 522 2803 Libros
537 2813 541 2819 ⁴
559 2739 699 2803 eiusdem
734 2743 773 2806 15
809 2740 848 2803 de
886 2746 997 2803 sancta
1033 2739 1191 2802 Trinitate
1227 2739 1374 2802 volumen

249 2848 355 2888 unum.
385 2823 564 2890 Concordia
578 2826 817 2908 euangeliorum
832 2826 973 2889 eiusdem
988 2825 1089 2889 codex
1102 2846 1194 2890 unus.
1222 2823 1373 2888 Eiusdem

249 2912 287 2975 de
317 2911 464 2975 doctrina
494 2912 668 2975 christiana
696 2913 795 2976 codex
822 2933 913 2976 unus.
964 2911 1116 2975 Eiusdem
1139 2911 1374 2992 expositionem

248 2999 282 3060 in
304 2995 438 3060 simbolo
462 2997 560 3060 codex
584 3019 676 3061 unus.
713 2998 901 3074 Questiones
924 2998 1068 3062 eiusdem
1090 2996 1252 3078 octoginta
1275 2996 1374 3059 codex

249 3104 340 3146 unus.
380 3082 531 3146 Eiusdem
555 3083 593 3147 de
616 3083 774 3164 baptismo
797 3085 1003 3166 parvulorum
1026 3083 1067 3146 ad
1089 3081 1278 3146 Marcellum
1301 3080 1375 3145 libri

250 3175 336 3247 tres,
357 3167 396 3231 de
420 3189 563 3233 sermone
586 3169 715 3231 Domini
738 3171 769 3233 16
794 3175 899 3234 monte
922 3169 996 3232 libri
1020 3170 1092 3246 duc,
1115 3168 1154 3232 de
1172 3167 1375 3249 providentia

171 3307 174 3310 .
249 3255 309 3318 Dei
332 3275 436 3318 sermo
463 3276 560 3333 unuS,
590 3255 629 3319 de
657 3256 763 3319 natale
793 3256 922 3338 proprio
952 3276 1055 3318 sermo
1085 3276 1182 3332 unus,
1212 3252 1250 3317 de
1281 3274 1373 3317 cruce

250 3361 354 3404 sermo
384 3361 481 3419 unus,
510 3340 553 3403 ad
577 3341 780 3404 Flaccianum
814 3340 951 3421 epistola
980 3362 1058 3418 una,
1085 3340 1232 3404 volumen
1265 3360 1372 3402 unum.

251 3426 330 3491 Item
354 3426 496 3490 eiusdem
520 3427 807 3491 Achademicorum
830 3426 905 3490 libri
927 3433 1008 3505 tres,
1038 3426 1278 3509 soliloquiorum
1300 3423 1374 3487 libri

250 3513 322 3591 duo,
346 3512 384 3575 de
407 3513 639 3576 inmortalitate
660 3512 742 3576 liber
763 3534 855 3591 unus,
879 3511 918 3576 de
942 3513 1122 3595 quantitate
1145 3513 1271 3574 animae
1293 3510 1375 3574 liber

251 3620 346 3676 unus,
383 3598 421 3662 (16
458 3600 611 3680 magistro
647 3598 728 3662 liber
759 3620 855 3676 unus,
893 3597 930 3661 de
966 3598 1076 3662 ordine
1111 3597 1186 3660 libri
1222 3596 1298 3675 duc,
1335 3596 1375 3660 de

251 3682 386 3747 videndo
407 3685 472 3747 Deo
495 3684 576 3747 liber
599 3705 690 3750 unus.
729 3684 842 3748 Libros
866 3682 1106 3748 Confessiouum
1129 3682 1272 3746 eiusdem
1294 3682 1374 3746 liber

251 3792 342 3834 unus.
388 3769 540 3833 Eiusdem
567 3769 685 3833 librum
713 3771 768 3852 qui
796 3769 914 3833 dicitur
936 3768 1154 3833 Enkiridionis
1176 3768 1260 3832 liber
1281 3788 1370 3831 unus.

353 3890 456 3958 pogiis¹
476 3891 610 3944 aedificari
628 3891 712 3953 iussit,
733 3891 827 3960 quibus
845 3891 935 3943 trabes
952 3890 1079 3956 imposuit
1094 3906 1123 3941 ac
1137 3890 1212 3942 iuxta
1226 3904 1373 3942 mensuram

353 3959 501 4013 eorumdem
523 3963 652 4012 tectorum
671 3960 699 4011 iu
717 3960 826 4027 longum
844 3959 975 4017 extendit;
994 3960 1022 4010 in
1040 3958 1232 4011 medicantem
1249 3959 1373 4025 portione,

354 4045 420 4096 quae
443 4032 505 4080 ante
528 4028 712 4080 dormitorium
731 4030 783 4081 sita
801 4027 912 4089 videtur,
932 4027 1038 4080 domum
1056 4024 1208 4079 cartarum²
1226 4026 1371 4080 coustituit.

311 4115 334 4178 *)
353 4115 426 4167 Edu.
446 4115 524 4166 add:
545 4129 611 4182 quae
629 4112 728 4166 Graece
746 4114 880 4182 pyrgiscos
899 4113 1004 4165 dicitur.

252 4218 273 4265 u)
288 4226 361 4253 uranus
370 4215 473 4263 posterior
487 4215 575 4252 correxit
592 4215 696 4254 obtulerit
709 4227 725 4253 c.
778 4214 801 4264 b)
814 4215 845 4252 stc
859 4227 876 4252 c.

253 4301 279 4366 1)
296 4303 315 4353 r'.
333 4317 354 4354 e.
371 4300 510 4370 proditus.
581 4301 607 4364 2)
628 4302 646 4353 r‘.
665 4318 686 4353 e.
705 4302 851 4354 archivum.
