2850 4906
303 298 417 357 GESTA
437 300 612 357 ABBATUM
631 300 994 359 FONTANELLENSIUM.
1178 303 1212 361 33

77 457 225 512 collecto
258 458 419 520 exercitu,
458 473 525 509 cum
553 457 620 510 alio
646 474 722 525 rege
749 459 876 512 nomine
903 458 1129 512 ilmormacba¹
1158 459 1212 512 ad·

76 542 195 579 versus
231 525 385 578 Karolum
420 542 509 578 arma
543 527 736 592 corripiunt.
789 525 911 580 Contra
973 544 1028 580 uos
1068 529 1212 580 invictus

78 593 218 648 Carolus
242 595 408 662 princeps,
434 594 575 647 civitate
599 593 753 648 Narbona
778 594 835 648 sub
862 545 1012 649 custohia
1036 596 1211 659 derelicta,

78 663 114 716 in
142 663 214 717 loco
241 663 295 732 qui
319 665 456 715 vocatur
478 663 581 730 Byrra
607 664 747 730 septimo
773 664 810 717 ab
835 665 913 717 urbe
939 665 1086 718 miliario
1108 665 1212 718 intre·

78 731 179 798 pidus
198 731 355 792 occurrit;
373 731 441 793 ubi,
467 731 580 784 divina
605 732 835 785 misericordia
852 737 1079 795 succurrente,
1104 750 1213 800 pugna

79 801 243 854 acerrima
267 799 449 862 commissa,
474 799 613 852 Karolus
638 801 791 867 princeps
818 802 924 853 victor
950 803 1081 863 extitit,
1108 818 1212 868 regem

78 868 248 935 prefatum
262 869 513 922 sarracenorum
533 869 707 920 interemit
729 870 972 938 exercitumque
991 871 1059 922 eius
1079 872 1212 935 penitus

78 954 181 1006 nsque
213 938 253 991 ad
288 936 541 989 internitionem
578 936 719 1000 delevit,
755 938 872 1002 spoliis
910 937 1212 991 innumerabilibus

79 1005 224 1066 ditatum
249 1007 366 1059 cuncta
395 1004 597 1071 depopulata
619 1003 729 1066 Gotia,
759 1004 969 1074 diruptisque
1000 1006 1211 1068 civitatibus,

78 1073 286 1143 devictisque
312 1074 475 1126 universis
501 1072 652 1125 hostibus
678 1076 809 1139 praeter
832 1090 883 1126 eos
902 1091 980 1142 quos
998 1075 1031 1126 in
1056 1073 1212 1127 Narbona

78 1143 280 1207 incluserat,
306 1141 385 1194 urbe
410 1142 520 1194 eadem
538 1141 594 1193 sub
618 1140 769 1194 custodia
796 1142 972 1205 derelicta,
1000 1159 1067 1195 cum
1095 1159 1212 1210 magno

78 1211 251 1278 triumpho
275 1210 437 1263 remeavit
460 1211 493 1263 in
519 1210 696 1262 Frantiam.

168 1279 235 1342 Sub
256 1277 352 1342 huius
372 1277 509 1359 denique
528 1284 669 1358 tempore
690 1276 888 1356 Ermharius,
912 1279 1115 1360 praepositus
1134 1279 1212 1354 eiua,

78 1362 263 1427 aedificavit
295 1363 460 1426 basilicam
493 1362 672 1426 beatissimi
704 1362 888 1445 archangeli
921 1361 1102 1438 Michaelis,
1136 1363 1212 1426 licet

79 1449 225 1529 modio0,
259 1448 474 1530 pulcherrimo
507 1455 612 1512 tamen
645 1469 756 1529 opero,
790 1449 898 1512 allatis
934 1448 1082 1513 videlicet
1112 1450 1213 1530 patris

77 1535 189 1617 politis
204 1534 243 1598 de
258 1533 437 1611 Iuliobona,
456 1540 563 1597 castro
577 1532 739 1619 quondam
753 1533 954 1598 nobilissimo
968 1557 1005 1598 ac
1020 1534 1212 1612 firmissimo,

78 1619 123 1683 ad
155 1619 388 1684 construendos
420 1640 514 1682 arcus
550 1641 607 1682 seu
643 1619 879 1701 frontispicium
912 1621 1056 1684 eiusdem
1088 1621 1211 1703 templi.

79 1705 169 1769 Haec
201 1725 340 1788 namque
373 1705 487 1768 civitas
518 1704 622 1767 fertur
657 1703 830 1768 aedificata
865 1705 933 1770 fore
965 1727 985 1769 a
1014 1705 1095 1769 Gaio
1128 1705 1212 1768 lulio

78 1792 276 1871 imperatore
305 1791 522 1854 Romanorum
556 1797 631 1854 ante
663 1789 833 1854 adventum
858 1791 1001 1869 Domini,
1032 1793 1106 1855 dum
1137 1791 1212 1854 Gal-

78 1878 141 1941 lias
169 1876 325 1940 vastaudo
356 1877 550 1942 circumiret.
602 1876 709 1958 Ipsum
740 1898 878 1958 namque
910 1884 1049 1940 castrum
1082 1876 1212 1940 Caletus

79 1969 177 2026 antea
208 1963 397 2038 vocabatur,
430 1962 516 2044 quod
548 1961 746 2025 destructum
780 1969 811 2024 et
844 1964 875 2024 in
907 1964 1022 2025 maiori
1052 1963 1212 2043 elegantia

78 2055 276 2130 reparatum,
301 2069 340 2110 ex
356 2068 414 2111 suo
433 2049 561 2110 nomine
580 2047 747 2110 Iuliobona
765 2067 877 2110 vocare
896 2048 1027 2129 placuit.
1067 2049 1211 2128 Denique

78 2140 266 2198 constructa
302 2133 386 2196 idem
423 2135 625 2216 praepositus
661 2132 721 2196 hac
756 2132 906 2209 basilica,
949 2154 1137 2215 campanam
1178 2134 1211 2194 in

78 2220 240 2283 turricula
275 2219 415 2282 eiusdem
445 2216 678 2294 collocandam,
710 2226 746 2281 ut
774 2220 871 2282 moris
899 2224 947 2282 est
970 2218 1210 2295 aecclesiarum,

78 2303 188 2388 opifici
206 2306 239 2368 in
258 2305 320 2368 hac
340 2311 409 2368 arte
428 2304 554 2368 erudito
572 2304 677 2366 facere
695 2305 873 2387 praecepit,
894 2303 972 2386 qui²
992 2304 1066 2366 dum
1088 2305 1210 2366 iniunc-

79 2399 148 2454 tum
169 2391 231 2454 sibi
250 2411 329 2473 opus
347 2389 500 2472 perficere
520 2390 735 2467 contenderet,
755 2389 910 2453 suadente
928 2391 1058 2452 inimico
1077 2388 1210 2452 humani

78 2477 214 2558 generis,
239 2476 278 2539 de
300 2474 472 2539 sufficienti
494 2476 636 2555 metallo,
659 2475 742 2538 unde
766 2474 958 2558 patrandum
982 2483 1051 2539 erat
1074 2477 1209 2557 signum,

79 2563 172 2644 copia
195 2560 339 2626 eiusdem
361 2563 546 2641 imminuta,
574 2561 693 2640 partim
717 2560 864 2638 abstulit,
894 2563 1013 2641 partim
1036 2563 1069 2624 in
1092 2560 1210 2624 cacabo

78 2646 309 2730 liquefiandum
327 2648 517 2729 composuit.
564 2647 773 2728 Proiectaque
792 2647 903 2710 eadem
923 2648 1016 2728 copia
1035 2645 1155 2710 metalli
1176 2647 1210 2708 in

79 2733 186 2797 forma
218 2754 281 2815 qua
311 2732 454 2796 futurum
494 2731 686 2815 sperabatur
722 2734 861 2814 signum,
899 2753 938 2794 ex
973 2739 1064 2814 parte
1101 2733 1211 2813 aliqua

79 2819 233 2896 deforma,
259 2817 425 2882 deficiente
448 2822 541 2900 copia
563 2817 686 2881 metalli
709 2839 806 2899 quae,
837 2826 1011 2899 antequam
1033 2817 1228 2902 liquefacta

79 2903 178 2984 foret,
216 2904 345 2968 sublata
376 2904 496 2981 fuerat,
532 2905 701 2985 minusque
731 2910 781 2966 est
808 2903 985 2982 redditum,
1022 2904 1068 2966 sic
1103 2910 1211 2967 tamen

78 2989 256 3054 turriculae
287 2991 484 3071 impositum.
536 2989 682 3070 Denique
714 3010 905 3071 quacunque
937 2989 1018 3053 hora
1046 2989 1111 3052 diei
1140 2988 1211 3069 pul·

78 3082 186 3140 satum
210 3075 350 3139 sonitum
374 3075 483 3152 dabat,
506 3073 691 3156 praedictus
710 3075 837 3154 artifex,
863 3075 917 3157 qui
941 3074 1021 3138 illud
1044 3073 1210 3138 metallum

79 3161 193 3225 furtim
212 3161 395 3239 sustulerat,
418 3162 452 3224 in
471 3161 644 3224 amentiam
662 3160 847 3223 vertebatur
865 3160 1025 3242 verbaque
1044 3162 1154 3242 inepta
1173 3181 1210 3223 ac

80 3247 221 3312 latratus
244 3268 360 3310 canum
383 3268 470 3310 more
494 3245 601 3309 dabat.

166 3333 248 3395 Erat
270 3353 407 3413 namque
425 3332 510 3395 idem
530 3330 720 3394 Ermharius
739 3330 913 3394 secundum
932 3330 1039 3393 carnis
1056 3331 1211 3410 originem

81 3418 118 3481 de
140 3417 294 3500 Apoliaco
318 3418 403 3496 villa,
426 3418 535 3481 fautor
557 3422 664 3479 tamen
688 3422 721 3478 et
742 3423 869 3479 amator
887 3416 1019 3496 regulae
1038 3422 1209 3496 castaeque

79 3504 253 3586 religionis.
289 3503 404 3566 Dicere
422 3524 496 3567 vero
517 3501 631 3566 solitus
649 3507 720 3564 erat
741 3501 908 3583 praefatus
928 3501 1123 3564 Teutsindus
1146 3504 1211 3561 fra-

79 3590 184 3653 tribus
208 3589 385 3651 Turonioae
408 3588 595 3651 aecclesiae:
621 3586 700 3648 ‘Nisi
722 3594 861 3649 vestram
885 3586 1090 3649 correxeritis
1112 3585 1211 3647 vitam

80 3695 118 3739 ac
136 3694 255 3752 moras,
278 3673 495 3752 Ermbarium,
513 3694 619 3735 meum
638 3674 867 3753 praepositum,
892 3693 931 3734 ex
950 3669 1130 3734 fontinella
1147 3669 1211 3732 huc

81 3846 107 3909 1)
125 3848 317 3900 Aescmaamcs
332 3852 424 3911 putot,
442 3862 538 3899 momen
557 3846 741 3899 Amormacho
759 3845 917 3913 significare
935 3841 1018 3896 Amor
1031 3841 1138 3893 Malcha
1156 3841 1174 3891 i.
1189 3858 1210 3893 e.

80 3917 166 3968 Amor
185 3915 291 3966 Melcch
314 3915 370 3967 sice
387 3914 447 3967 Rea
466 3918 548 3967 Aruer
565 3913 613 3981 (cf.
633 3914 777 3967 Aschbach
795 3914 821 3977 Ι,
838 3929 866 3978 p.
880 3912 934 3975 77).
970 3911 1104 3977 Equidem
1123 3910 1211 3962 uerbis

80 3983 244 4050 quibusdum
263 3983 424 4049 Fredegarii
441 3983 510 4036 mole
527 3983 667 4036 intellectis
684 3983 715 4034 id
731 3998 828 4034 murrea
845 3987 933 4033 orium
952 3980 1077 4032 arbitror.
1114 3978 1213 4031 Scribit

80 4053 150 4104 caim
169 4050 346 4104 Continuaior
361 4052 511 4115 Fredepar.
536 4068 558 4104 c.
573 4052 632 4104 109.
654 4051 734 4104 haec:
759 4048 825 4101 Cum
849 4048 902 4100 alio
924 4062 987 4114 rege
1006 4045 1087 4099 Amor
1105 4046 1210 4098 nomine

80 4119 212 4172 machinis
231 4117 370 4171 adversum
389 4116 512 4171 Carolum
531 4119 628 4171 armati
648 4119 818 4186 consurgunt.
850 4117 882 4170 Si
898 4115 968 4180 forte
984 4117 1086 4187 legerat
1099 4120 1210 4167 crucior:

81 4186 146 4240 Cum
173 4187 227 4239 alio
252 4203 314 4254 rege
340 4186 434 4240 Amor
459 4187 621 4240 machinis
647 4194 707 4251 etc,
732 4187 813 4251 facile
836 4187 865 4237 iu
889 4199 1004 4237 errorem
1029 4184 1093 4236 duci
1113 4183 1211 4250 potuit.

81 4253 186 4308 DORR.
265 4253 292 4320 2)
318 4254 360 4321 Cf.
384 4257 495 4310 similem
522 4255 661 4309 historiam
686 4257 762 4321 apcid
787 4253 952 4306 Monachum
971 4251 1108 4319 Scopuli,
1127 4251 1212 4304 Gesta

81 4324 184 4378 Kuroli
200 4324 226 4390 1,
244 4323 288 4388 29,
306 4323 357 4378 SS.
371 4324 414 4389 II,
431 4339 459 4390 p.
473 4325 531 4377 744.

1006 4423 1023 4474 3
