2850 4906
317 309 428 365 GESTA
449 308 624 362 ABBATUM
642 307 1000 362 FONTANELLENSIUM.
1187 307 1222 362 27

96 466 223 532 spiritu
255 465 363 531 plena,
391 465 530 518 animum
557 464 648 530 pueri
675 463 781 517 fertur
807 463 987 517 cotidianis
1014 463 1221 517 ammonitio·

96 534 194 588 nibus
213 534 453 594 corroborasse,
478 538 513 586 ut
535 550 604 586 sese
627 549 694 585 curn
717 533 862 586 omnibus
887 549 967 600 quae
992 531 1135 585 habebat
1164 532 1222 584 Dei

98 603 241 656 servitio
256 603 468 670 manciparet.
496 602 585 656 Unde
601 602 722 655 iactum
740 606 800 663 est,
819 604 854 654 ut
869 617 1032 654 sacrarum
1050 602 1222 654 literarum

99 672 208 725 studio
227 670 385 734 imbutus,
407 674 539 725 cunctos
557 687 629 723 suos
647 671 815 737 sapientia
834 672 866 722 et
884 669 1046 735 religione
1065 670 1222 730 anteiret,

99 740 338 808 secundumque
357 743 503 793 sanctam
531 738 775 807 suggestionem
803 739 992 805 praeclarae
1019 738 1161 792 nutricis
1189 753 1223 790 ac

99 811 192 863 aviae
216 825 292 861 suae
317 808 486 862 Ansiledis
511 809 620 875 coepit
643 812 775 861 terrena
801 811 916 861 cuncta
939 807 1108 874 despicere
1131 811 1163 860 et
1185 805 1224 860 ad

99 895 200 946 regna
236 877 397 931 caelestia
436 878 587 931 viriliter
627 877 782 931 anhelare
831 875 989 957 simulque
1028 875 1224 958 patrimonia

101 963 240 1044 plurima
263 962 427 1026 aecclesiis
451 962 571 1026 Christi
600 962 788 1025 contradere
798 961 818 1026 ¹.
864 961 952 1038 Quae
976 967 1091 1025 cuncta
1118 960 1223 1042 siqui

100 1049 226 1132 plenius
271 1069 365 1112 nosse
409 1050 556 1129 cupiunt,
598 1048 717 1112 scrinia
759 1048 926 1111 civitatum
968 1047 1223 1125 Rotomagensis,

100 1134 281 1198 Parisiaeae
311 1141 343 1198 et
367 1134 594 1199 Baiocassinae
631 1140 664 1198 et
690 1134 785 1198 huius
813 1132 958 1197 coenobii
981 1132 1224 1197 Fontineilensis

101 1221 258 1303 simulque
273 1220 536 1284 Gemmeticeusis
550 1219 721 1295 revolvant,
741 1220 869 1303 illicque
882 1220 1051 1295 invenient,
1070 1224 1223 1301 quantam

102 1305 347 1371 sollicitudinem
379 1328 418 1370 ac
446 1307 629 1389 pervigilem
662 1327 772 1369 euram
802 1305 841 1368 da
870 1306 1120 1383 constructione,
1152 1315 1224 1386 pro-

101 1394 270 1475 pagatione
297 1398 329 1455 ct
355 1393 609 1456 restauratione·
634 1413 672 1455 ac
699 1392 895 1455 exaltatione
917 1391 1145 1455 aecclesiarum
1168 1389 1225 1452 ha·

102 1477 231 1543 buerit
265 1478 368 1542 Huius
397 1485 489 1561 pater
526 1489 629 1556 Drogo,
671 1476 755 1540 filius
797 1477 954 1560 praedicti
989 1477 1096 1560 Pipini
1133 1475 1377 1571 ducisissgbgw·

102 1564 310 1645 Francorum,
339 1563 439 1628 frater
461 1563 619 1628 Grimoldi
646 1570 678 1628 et
700 1563 812 1627 Karoli
839 1563 1111 1627 nobilissimorum
1138 1562 1225 1644 prin·
1317 1560 1322 1571 '

102 1652 221 1732 cipum,
249 1660 387 1714 defunctus
412 1664 453 1714 est
475 1671 558 1714 anno
585 1648 626 1713 ab
649 1651 871 1714 incarnatione
894 1650 1024 1713 Domini
1047 1649 1225 1732 septingen-

101 1738 214 1800 tesimo
233 1736 377 1820 septimo,
397 1737 572 1800 indictione
590 1736 712 1819 quinta,
731 1749 851 1812 tempore
869 1747 946 1798 veris.
977 1735 1125 1799 Succedit
1141 1735 1225 1798 enim

102 1822 202 1886 isdem
229 1823 278 1885 vir
301 1823 499 1887 venerandus
524 1822 618 1903 Hngo
641 1824 673 1884 in
696 1821 771 1885 sede
790 1821 1032 1902 Rotomagensis
1051 1821 1225 1885 aecclesiae

102 1909 268 1972 vicesimus
295 1909 410 1973 tertius
439 1908 622 1973 aMallono
653 1908 756 1991 primo
783 1906 935 1988 pontifice
962 1905 1104 1971 eiusdem
1127 1905 1224 1981 urbis,

102 2001 206 2058 rector
246 2015 374 2078 quoque
414 1996 478 2059 sive
520 2000 708 2074 procurator
747 1992 836 2056 urbis
871 1992 1007 2056 Parisiib
1043 1993 1225 2057 tricesimus

102 2081 230 2162 quintus
261 2103 280 2145 a
311 2080 406 2145 beato
438 2080 582 2145 Dionisio
613 2080 831 2154 constituitur,
867 2099 965 2162 porro
1001 2079 1034 2142 in
1069 2078 1225 2160 regimine

102 2165 196 2230 huius
219 2166 364 2230 coenobii
387 2166 630 2232 Fontinellensis
653 2187 673 2229 a
694 2164 789 2230 beato
812 2164 1047 2246 Wandregisilo
1070 2165 1226 2246 septimus

103 2253 133 2316 in
163 2252 248 2333 loco,
286 2253 433 2317 similiter
464 2275 484 2317 a
515 2252 609 2317 beato
640 2252 793 2316 Filiberto
830 2251 862 2314 in
898 2251 1051 2333 regimine
1083 2249 1225 2314 coenobii

102 2338 372 2406 Gemmeticeusis.

184 2423 247 2486 Hic
278 2445 415 2508 namque
445 2426 494 2488 vir
521 2423 719 2488 venerandus
746 2423 850 2503 Hugo,
882 2422 957 2485 dum
987 2422 1093 2486 adhuc
1122 2421 1225 2485 laicus

101 2509 197 2589 foret,
224 2509 360 2592 largitus
387 2518 436 2575 est
462 2511 605 2592 Benigno
633 2508 744 2572 abbati
772 2509 964 2573 Virtlaicum
992 2508 1113 2582 villam,
1144 2527 1226 2590 quae

102 2597 162 2660 sita
180 2602 231 2659 est
247 2597 281 2659 in
299 2617 381 2679 pago
401 2596 510 2660 Tellau
530 2617 626 2679 snper
643 2593 738 2659 fluvio
756 2592 870 2674 Eora²‚
894 2615 976 2677 quae
995 2595 1056 2677 ipsi
1075 2594 1132 2658 *de
1154 2594 1224 2656 iure

101 2681 339 2761 praedictorum
369 2689 539 2765 pareutum
568 2702 699 2746 snorum
729 2681 870 2764 legitime
898 2680 1077 2744 obvenerat.
1127 2679 1226 2744 Facta

59 2809 65 2816 -
101 2775 147 2833 est
168 2768 252 2831 haee
272 2769 400 2849 largitio
423 2768 463 2832 ab
485 2790 568 2831 anno
591 2767 771 2831 dominicae
792 2766 1025 2830 incarnationis
1046 2766 1226 2848 septingen-

101 2855 214 2918 tesimo
226 2852 349 2917 decimo
359 2855 464 2930 tertie,
479 2853 651 2917 indictione
666 2852 735 2929 12³,
751 2854 805 2936 qui
818 2853 925 2916 fuerat
938 2873 1041 2915 annus
1052 2851 1226 2933 Dagoberti

101 2939 259 3004 iuvenculi
281 2941 364 3021 regie
387 2942 416 3018 3,
446 2940 551 3022 Pipini
574 2960 699 3023 quoque
722 2938 813 3003 ducis
836 2940 887 3016 26,
918 2937 1085 3002 undecimo
1108 2937 1225 3002 Kalen-

101 3025 214 3090 darum
239 3025 396 3090 Inliarum
419 3026 484 3103 die,
513 3025 595 3090 feria
617 3027 648 3089 4.
692 3026 811 3089 Factus
833 3045 907 3088 vero
937 3024 1067 3106 praesul
1090 3023 1226 3087 contulit

100 3111 333 3194 possessionem
361 3133 451 3178 snam
479 3133 561 3194 quae
590 3118 722 3175 vocatur
744 3111 1016 3175 Molinns-cottns
1050 3109 1125 3173 hnic
1152 3130 1224 3173 coe·

100 3199 208 3278 nobio,
250 3198 346 3261 sitam
386 3199 419 3262 iu
454 3219 536 3281 pago
575 3197 774 3261 Belloacensi
814 3218 910 3279 super
944 3194 1075 3260 fluvium
1107 3195 1223 3273 Masso,

101 3285 314 3348 coutinentem
348 3305 476 3347 mansos
512 3285 675 3365 octoginta
711 3289 742 3346 et
774 3290 921 3365 quatuor.
978 3281 1066 3346 luter
1100 3281 1225 3364 reliqua

101 3377 209 3434 autem
240 3368 374 3452 praedia
405 3368 446 3433 ab
478 3392 515 3433 eo
548 3369 727 3433 contradita
758 3370 856 3432 etiam
887 3368 1085 3432 Wintlanam
1116 3366 1225 3430 villam

101 3455 236 3539 largitus
272 3463 319 3520 est
348 3454 507 3520 Wandoui
544 3455 655 3519 abbati
690 3475 775 3518 anno
806 3456 909 3538 primo
940 3453 1101 3518 Hlotharii
1131 3454 1223 3535 regis,

102 3541 217 3624 quem4
248 3541 385 3605 Karalus
413 3548 485 3624 post
514 3541 621 3623 fugam
651 3541 806 3624 Hilperici
835 3563 873 3605 ac
903 3538 1090 3621 Regenfridi
1118 3559 1223 3620 regem

102 3629 162 3690 sibi
192 3633 365 3706 statueram
396 3637 428 3692 et
455 3648 604 3710 possessa
633 3633 682 3690 est
711 3627 752 3690 ab
781 3626 843 3691 hoo
872 3624 1025 3691 coenobio
1054 3645 1154 3707 usque
1183 3623 1224 3687 ad

102 3715 242 3796 regimen
273 3713 415 3777 Witlaiei
446 3713 573 3777 abbatis
604 3734 660 3796 per
693 3732 794 3776 annos
831 3711 1045 3794 quadraginta
1081 3717 1112 3774 et
1148 3716 1223 3774 tres.

103 3798 184 3863 Huic
202 3798 340 3882 glorioso
359 3800 501 3880 praesuli
518 3799 652 3880 largitus
671 3797 864 3881 estquidam
885 3797 1018 3861 illustris
1032 3796 1080 3859 vir
1097 3797 1224 3858 nomine

103 3884 217 3950 Bertus
246 3887 424 3968 portionem
453 3885 595 3968 aliquam
625 3885 665 3948 de
693 3885 769 3948 villa
793 3885 1022 3967 Dogmaniaco,
1050 3901 1132 3963 quae
1161 3882 1225 3944 sita

104 3977 150 4035 est
171 3971 204 4034 in
227 3992 308 4053 pago
329 3971 508 4048 Oximeuse,
531 3972 564 4034 in
588 3978 721 4034 centena
741 3970 976 4038 Alaucioniuse,
1000 3973 1033 4031 et
1049 3967 1138 4030 illam
1156 3989 1225 4030 rem

105 4077 184 4138 qnae
206 4063 341 4120 vocatur
365 4056 478 4121 Vanda
500 4057 534 4120 in
557 4064 690 4121 centena
713 4056 854 4138 Saginse.
900 4053 1054 4119 Similiter
1077 4053 1110 4115 in
1132 4054 1225 4118 terri-

105 4191 327 4239 amministratione
341 4193 387 4232 edd.
440 4193 466 4243 b)
479 4195 573 4232 abimum
587 4195 594 4232 i
608 4196 631 4233 in
644 4207 721 4234 rasura
734 4207 751 4234 c.

106 4278 129 4344 1)
148 4279 189 4345 of.
209 4286 346 4334 amarent.
364 4281 381 4333 c.
395 4282 411 4332 z.
481 4279 507 4345 a)
526 4282 611 4334 aare.
680 4280 706 4346 a)
727 4280 837 4334 aecem
854 4279 973 4340 aa11;
993 4259 1227 4344 armeniacae

105 4363 144 4402 ar.
156 4351 198 4403 26.
267 4347 294 4413 4)
313 4347 354 4414 Cf.
371 4349 488 4415 Fredep.
506 4355 574 4403 coni.
591 4350 686 4403 e107.
