2850 4896
214 1069 432 1133 INCIPIUNT
462 1069 596 1132 GESTA
626 1068 881 1132 SANOTORUM
911 1069 1081 1132 PATRUM
1213 1084 1367 1133 sannen.

338 1171 711 1235 FONTANELLENSIS
743 1170 953 1235 COENOBII.

167 1366 193 1439 1.
232 1314 343 1440 lgitur
365 1361 406 1424 eb
434 1360 592 1424 almificae
615 1361 788 1424 memoriae
816 1365 907 1440 patre
930 1365 1041 1424 nostro
1065 1381 1103 1422 ac
1126 1359 1212 1422 omni

81 1445 332 1510 honorificentia
360 1447 555 1510 nominando
588 1448 713 1528 egregio
742 1444 862 1508 Christi
891 1446 1013 1509 domini
1043 1444 1212 1509 sacerdote

82 1531 331 1611 wandregisilo,
361 1533 416 1612 qui
446 1538 479 1595 et
504 1531 640 1608 Wando,
671 1532 915 1613 priscorumque
944 1538 1074 1613 patrum
1108 1530 1212 1593 titulis

83 1638 147 1680 non
170 1616 376 1679 mediocriter
399 1617 617 1699 coaequando,
641 1624 679 1680 ut
700 1618 859 1697 imperata
879 1617 1056 1698 postulant,
1085 1616 1212 1678 initium

83 1703 241 1766 orationis
260 1703 420 1783 incipiam,
438 1703 588 1766 videlicet
608 1709 653 1782 ut,
677 1724 697 1765 a
714 1723 778 1782 quo
798 1702 965 1765 exordium
984 1703 1087 1766 nostri
1107 1702 1214 1782 coepit

84 1787 248 1865 coenobii,
281 1788 322 1850 ab
354 1789 423 1870 ipso
455 1789 551 1851 etiam
582 1796 712 1852 nostrae
744 1788 900 1850 orationis
934 1793 1043 1850 sumat
1074 1787 1210 1850 initium.

84 1873 219 1937 Omissis
254 1872 405 1936 videlicet
441 1876 718 1937 conversationum
756 1892 795 1934 ac
831 1893 1019 1953 magnarum
1056 1873 1212 1937 virtutum

84 1959 247 2040 operibus,
270 1979 354 2039 quae
377 1959 409 2020 in
431 1959 662 2041 prolixioribus
686 1958 725 2021 de
749 1979 786 2021 eo
804 1958 924 2038 gestisl
944 1959 1020 2022 olim
1039 1958 1213 2021 memoriae

85 2043 239 2107 mandata
269 2050 356 2122 sunt,
387 2066 471 2108 nunc
500 2046 589 2108 brevi
619 2043 833 2120 oratiuncula,
864 2064 902 2106 ne
931 2044 1105 2126 legentium
1133 2042 1214 2106 fiant

85 2129 188 2193 oculis
217 2150 362 2207 onerosa,
391 2152 429 2193 ea
459 2137 583 2194 tantum
612 2151 694 2212 quae
724 2128 764 2190 de
791 2130 858 2191 eius
886 2129 976 2191 clara
1006 2129 1129 2210 origine
1158 2150 1213 2191 seu

86 2214 230 2278 moribus
252 2215 397 2278 honestis
425 2238 464 2278 ac
486 2217 730 2279 conversatione
758 2215 904 2295 angelica
930 2221 1095 2295 comperta
1117 2213 1215 2277 habe·

85 2321 166 2377 mus,
191 2305 248 2363 aut
270 2300 410 2381 qualiter
427 2300 489 2364 hoc
507 2301 751 2364 Fontanellense
771 2299 961 2363 coenobium
984 2298 1213 2377 aedificaverit,

85 2391 226 2466 quotque
255 2387 288 2447 in
319 2406 356 2449 eo
388 2387 501 2449 annis*
524 2387 651 2464 fecerit,
681 2406 745 2467 quo
775 2386 872 2448 etiam
902 2391 1046 2467 tempore
1074 2384 1123 2447 vel
1153 2384 1214 2447 sub

85 2471 202 2551 quibus
225 2470 437 2552 principibus,
466 2492 569 2554 agone
593 2472 733 2553 expleto,
757 2471 1024 2551 gloriosissimam
1045 2470 1215 2534 victoriam

85 2557 308 2637 potentissimo
337 2555 457 2620 Christi
488 2557 547 2620 sub
577 2557 699 2620 auxilio
729 2557 914 2637 reportarit,
944 2556 1019 2618 huic
1049 2556 1139 2637 operi
1168 2555 1215 2617 in-

88 2641 225 2704 serenda
248 2663 317 2705 esse
341 2642 509 2705 credimus

172 2746 232 2798 Hic
249 2762 361 2812 nempe
379 2747 429 2798 vir
444 2747 584 2807 Domini,
603 2749 639 2799 ut
656 2746 803 2799 breviter
816 2746 973 2800 nonnulla
986 2723 1264 2813 perstringamfil

86 2831 121 2866 er
139 2814 365 2867 nobilissimis
383 2815 577 2868 Francorum
602 2832 636 2868 ac
659 2815 837 2868 ditissimis
860 2815 1031 2868 natalibus
1054 2793 1368 2884 oriundusvn'elllffndr'

87 2883 261 2935 territorio
287 2882 449 2936 Vereduni
477 2884 593 2945 castri,
624 2883 819 2936 nobiliorem
847 2900 878 2936 se
909 2882 1102 2949 splendidae
1128 2882 1217 2935 vitae

87 2951 230 3003 moribus
249 2967 283 3003 ac
302 2955 413 3004 castae
432 2953 693 3005 conversationis
707 2952 862 3018 exemplis
881 2952 1043 3018 insignem
1059 2950 1216 3003 exhibuit.

87 3017 213 3080 Huius²
235 3019 361 3098 genitor
384 3017 579 3082 Waltchisus
603 3025 806 3100 nuncupatus
828 3020 969 3093 nomine,
997 3024 1034 3081 ut
1055 3018 1217 3080 veracium

88 3102 258 3165 didicimus
280 3103 456 3167 traditione
479 3106 651 3182 seniorum,
680 3109 815 3185 patruus
843 3103 1065 3183 gloriosissimi
1089 3102 1217 3183 Pippini

89 3187 179 3250 ducis
201 3186 414 3267 Francorum,
444 3188 502 3251 filii
526 3189 711 3266 anschisib,
736 3189 851 3252 extitit.
889 3198 1036 3265 Denique
1054 3196 1138 3250 idern
1153 3178 1345 3278 *rirlbsslgssql

89 3274 232 3336 Domini,
260 3273 508 3328 adolescentiae
531 3275 601 3328 dum
625 3276 770 3342 polleret
793 3275 917 3328 aetatis
944 3274 976 3326 in
1003 3273 1096 3326 aunis
1121 3275 1218 3340 atque

89 3343 121 3395 in
140 3343 216 3395 aula
230 3342 469 3408 gloriosissimi
488 3344 576 3412 regis
590 3343 776 3412 Dagoberti
789 3343 996 3398 nobilissime
1010 3340 1218 3394 militaribus

89 3460 110 3510 a)
124 3464 236 3499 correctam
250 3473 274 3498 a
288 3471 357 3498 annos
371 3473 388 3499 e.
441 3461 464 3512 b)
478 3464 557 3501 litterae
569 3462 618 3501 Ans
632 3463 654 3499 in
668 3473 745 3500 rasura
757 3463 855 3508 scriptae.

92 3563 115 3628 1)
142 3565 230 3617 Edita
256 3581 300 3630 ap.
325 3565 431 3630 Labbe,
458 3566 529 3618 Bcbi.
554 3581 625 3618 noca
649 3581 712 3618 mss.
730 3566 760 3631 I,
783 3581 812 3630 p.
827 3566 878 3617 784
891 3581 959 3632 sqq.,·
980 3565 1128 3629 Mabiiian,
1147 3563 1219 3617 Acta

90 3632 138 3685 SS.
152 3633 210 3684 ord.
226 3632 253 3684 S.
265 3635 333 3684 Ben.
347 3649 417 3686 saec.
431 3633 473 3698 II,
484 3650 513 3699 p.
527 3634 578 3688 526
593 3651 662 3701 sqq.;
677 3633 748 3687 Acta
762 3633 812 3686 SS.
829 3635 880 3686 Ini.
896 3634 927 3698 V,
939 3650 967 3699 p.
982 3634 1033 3687 265
1047 3648 1098 3700 sq.;
1117 3633 1219 3695 Arndt,

90 3698 199 3752 ‘Kleine
217 3700 331 3752 Dcnlcm.
351 3717 403 3754 ans
421 3702 446 3754 d.
467 3701 698 3768 Meroninperreit'
713 3717 743 3767 p.
757 3704 791 3755 29
805 3718 858 3769 sq.;
888 3702 951 3755 Vita
968 3702 1097 3765 secanda,
1116 3700 1218 3752 Mobil-

90 3769 133 3820 ion
151 3769 167 3820 i.
181 3769 197 3820 l.
208 3783 238 3833 p.
252 3769 301 3821 534
317 3786 380 3837 sqq,
399 3785 431 3822 ea
445 3771 550 3836 priore,
572 3787 653 3838 qnam
671 3777 702 3823 nt
719 3771 881 3822 monacnum
899 3771 954 3823 sibi
971 3771 1003 3821 de
1021 3775 1114 3822 sancto
1136 3769 1218 3822 Wan-

90 3837 216 3902 dreqisilo
242 3837 399 3895 referentem
428 3839 588 3903 introducit,
613 3855 647 3891 en
671 3837 761 3892 Gestis
784 3838 898 3902 nastris,
931 3839 991 3891 Vita
1015 3854 1036 3891 s.
1052 3836 1219 3900 Coinmbani,

91 3904 179 3958 Gestis
199 3904 329 3971 Waninpi
345 3912 371 3958 et
385 3907 514 3960 Ansberti
530 3907 657 3971 conflata,
675 3907 756 3959 iniis
774 3922 844 3973 qnae
863 3908 977 3972 propria
994 3906 1081 3971 babet,
1100 3921 1120 3957 e.
1133 3921 1159 3970 p.
1178 3905 1220 3956 iti·

90 3989 152 4025 nere
166 3973 291 4025 Romano
313 3990 371 4039 cap.
383 3977 424 4039 10,
438 3976 541 4028 nnllam
560 3976 615 4038 sere
635 3975 715 4038 idem
729 3980 851 4027 meretur.
884 3974 959 4027 Unde
978 3981 1002 4027 et
1016 3974 1218 4039 praefationem

91 4041 128 4092 ad
153 4041 333 4094 Lantbertnm
360 4043 484 4095 abbatem
512 4043 636 4106 fictitiam
664 4058 721 4094 esse
744 4047 829 4108 patet.
873 4040 916 4105 Cf.
939 4043 1032 4095 Arndt
1053 4044 1069 4094 l.
1089 4043 1105 4094 i.
1124 4057 1154 4107 p.
1175 4041 1219 4106 25,

89 4107 183 4171 facins
193 4109 362 4175 probantem,
382 4117 517 4163 auctorem
539 4112 616 4164 Vitae
629 4110 764 4163 secandae
776 4111 846 4161 inter
859 4110 917 4161 alia
931 4110 1011 4161 etiam
1026 4109 1111 4163 Gesta
1123 4115 1219 4162 nostra

90 4177 270 4242 eascmpsisse.
345 4181 371 4239 2)
392 4178 476 4230 Huius
490 4179 630 4232 —extitit
647 4178 823 4243 probabiliter
841 4193 874 4229 en
889 4176 1054 4242 Geneaiopia
1072 4177 1219 4243 Carolinp„

92 4243 140 4296 SS.
154 4245 198 4309 11,
212 4260 242 4310 p.
256 4246 315 4298 309.
352 4245 393 4311 Of.
413 4248 657 4300 commentationem
675 4261 761 4297 meam
778 4246 808 4296 in
826 4244 1041 4308 ‘Forscbnnaen'
1060 4246 1077 4299 l.
1092 4247 1108 4295 i.
