2850 4906
321 303 436 359 GESTA
455 303 631 357 ABBATUM
649 302 1010 358 FONTANELLENSIUM.
1194 309 1228 360 47

95 458 172 520 litus
199 458 310 520 oceani
338 458 436 520 maris
463 459 636 539 attingeret
657 458 689 519 in
713 457 850 523 Gallia¹.
896 456 957 520 Sed
982 479 1021 520 ne
1044 457 1105 521 hoc
1128 458 1227 537 fieret,

96 544 328 607 ammonitione
350 565 388 607 ac
411 543 644 626 supplicatione
662 543 834 608 venerandi
852 543 1010 625 praedicti
1028 546 1131 626 patris
1150 545 1229 609 Ger-

96 629 181 692 voldi
203 629 374 693 inhibitum
399 636 457 693 est.

183 714 261 777 *Hic
290 736 403 796 nempe
426 714 465 777 de
489 714 584 777 rebus
611 713 787 777 aecclesiae
814 720 943 777 nostrae
967 715 1084 778 iniuste
1112 715 1229 778 ablatis

97 805 153 863 aut
177 801 276 862 etiam
300 808 476 882 spontanea
498 807 627 882 patrum
651 799 797 863 coenobii
821 799 984 863 voluntate
1006 802 1104 880 regiis
1128 800 1229 863 bomi-

96 885 192 948 nibus
207 886 407 962 contraditis,
422 886 657 966 suggestionem
673 905 764 948 snam
779 882 895 966 Magno
910 886 1097 966 imperatori
1112 885 1229 950 Karolo

96 971 250 1052 patefecit
279 973 411 1054 eiusque
439 992 478 1034 ex
510 991 602 1034 sacra
629 971 822 1033 auctoritate
852 970 1053 1051 privilegium
1075 971 1228 1053 accepit2,

96 1063 141 1136 ut,
160 1057 314 1138 quicquid
329 1057 447 1120 iniuste
466 1055 609 1120 ablatum
623 1062 703 1133 erat,
722 1056 754 1118 in
772 1056 842 1119 iure
858 1076 896 1118 ac
912 1062 1071 1137 potestate
1086 1057 1228 1120 eiusdem

97 1144 273 1206 aecclesiae
293 1143 461 1223 reciperet.
501 1141 562 1205 Hic
584 1142 672 1205 dedit
691 1142 723 1203 in
738 1142 895 1205 aecclesia
917 1141 1000 1205 beati
1019 1143 1108 1205 Petri
1126 1145 1229 1206 cruci-

96 1228 201 1291 culam
233 1248 364 1292 auream
393 1248 504 1304 unam,
536 1229 665 1291 inaures
695 1248 764 1305 sex,
793 1225 927 1291 fibulam
956 1249 1067 1307 unam,
1097 1228 1228 1292 anulum

96 1334 229 1377 aureum
260 1335 371 1390 unurn,
401 1312 600 1377 bismonem3
629 1334 741 1389 unum,
772 1313 967 1376 cruciculam
995 1335 1067 1377 cum
1095 1335 1174 1378 auro
1199 1323 1229 1378 et

97 1405 231 1480 argento
264 1420 375 1476 unam,
408 1399 525 1462 calices
557 1406 725 1480 argenteos
758 1406 823 1461 tres
853 1420 924 1462 cum
954 1401 1081 1481 patenis
1110 1420 1229 1476 eorum,

98 1482 263 1548 offertoria
298 1483 362 1548 duo
397 1506 471 1548 cum
507 1486 634 1566 patenis
671 1503 794 1560 eorum,
831 1484 1009 1548 turibulum
1044 1494 1228 1567 argenteum

96 1591 211 1647 unum,
245 1570 420 1634 buticulam
455 1577 638 1652 argenteam
672 1591 783 1647 unam,
816 1568 909 1633 fialas
940 1581 1108 1652 argenteas
1139 1572 1228 1649 duas,

97 1657 256 1720 coclearia
274 1662 428 1737 argentea
447 1656 519 1733 duo,
544 1654 696 1720 situlam4
715 1656 754 1718 de
773 1656 935 1719 auricalco
954 1679 1061 1736 unam,
1083 1658 1230 1737 planetas

97 1741 227 1806 casulas
261 1741 518 1825 quatuordecim,
555 1741 744 1805 dalmaticas
777 1743 914 1805 maiores
947 1741 1040 1818 duas,
1075 1744 1229 1807 minorem

97 1838 227 1906 unam⁸,
259 1828 360 1909 pallia
389 1827 515 1891 diversa
545 1827 726 1904 duodecim,
760 1828 904 1908 sagiam⁵
933 1849 1043 1909 unam,
1074 1827 1231 1893 fanones⁶

98 1913 190 1990 duos,
219 1913 311 1978 albas
333 1913 444 1995 viginti
468 1918 548 1989 octo,
576 1914 713 1977 amictus
736 1913 858 1993 viginti,
882 1914 982 1976 lintea
1005 1914 1229 1996 quadraginta,

96 1999 210 2062 villosa
227 1999 402 2065 duodecim.
436 1999 484 2062 De
499 1998 591 2061 libris
607 2019 693 2062 vero:
718 1998 948 2061 l'entatencum
965 1999 1068 2080 Moysi
1085 2000 1227 2063 codicem

98 2106 205 2160 unum,
229 2086 388 2147 minorum
409 2085 637 2166 prophetarum
656 2083 796 2147 codicem
817 2106 924 2162 unum,
948 2085 1105 2164 expositio
1125 2086 1227 2148 sancti

99 2170 271 2251 Augustini
293 2171 326 2232 in
345 2171 513 2251 euangelio
534 2169 684 2232 lobannis
704 2168 829 2232 codices
853 2169 941 2246 duos,
964 2169 1082 2232 librum
1101 2169 1228 2233 Enkiri-

98 2256 175 2319 dion
209 2257 313 2319 sancti
343 2256 512 2337 Augustini
541 2255 682 2318 codicem
709 2277 821 2332 unum,
850 2254 1002 2318 omeliare
1028 2255 1227 2319 diversorum

96 2347 264 2405 auctorum
302 2341 449 2404 volumen
488 2362 596 2407 unum.
656 2341 704 2404 De
739 2339 897 2404 aedificiis
933 2361 1020 2404 vero:
1059 2340 1225 2404 basilicam

97 2428 201 2491 sancti
241 2427 376 2507 apostoli
417 2426 504 2490 Petri
542 2426 674 2508 plumbo
715 2427 894 2508 cooperuit,
935 2427 1083 2490 similiter
1123 2428 1227 2490 sancti

96 2512 265 2577 Michaelis
302 2512 502 2592 archangeli;
541 2513 735 2575 caminatam
773 2512 911 2575 fratrum
953 2533 972 2575 a
1008 2511 1228 2576 fundamentis

96 2597 292 2676 aedificavit,
327 2598 455 2661 domurn
490 2598 589 2661 etiam
622 2597 852 2661 infirmantium
887 2597 1023 2660 fratrum
1056 2598 1228 2662 emendare

96 2684 229 2748 studuit.
284 2684 463 2766 Coquinam
495 2683 633 2747 fratrum
666 2685 731 2746 iarn
762 2704 842 2764 pene
875 2683 1015 2746 dirutam
1048 2685 1080 2746 in
1112 2685 1228 2747 maiori

98 2770 253 2851 eligantia
275 2770 453 2851 reparavit;
476 2769 654 2833 sacrarium
674 2768 851 2832 aecclesiae
870 2791 890 2832 a
907 2768 1123 2832 fundamentis
1142 2769 1229 2833 aedi-

96 2854 212 2920 ficavit.
265 2854 390 2918 Scolam
418 2855 452 2917 in
478 2854 589 2918 eodem
617 2855 771 2918 coenobio
798 2875 867 2918 esse
895 2855 1049 2933 instituit,
1077 2856 1228 2938 quoniam

96 2964 175 3025 pene
204 2962 314 3005 omnes
341 2941 471 3022 ignaros
497 2941 618 3005 invenit
645 2942 838 3016 litterarum,
867 2962 906 3004 ac
933 2941 972 3003 de
994 2941 1127 3006 diversis
1149 2942 1228 3004 locis

96 3027 272 3109 plurimum
299 3026 419 3090 Christi
453 3047 579 3107 gregem
612 3027 797 3108 aggregavit
829 3026 1021 3108 optimisque
1049 3028 1229 3091 cantilenae

98 3113 199 3190 sonis,
228 3118 383 3194 qnantum
411 3112 564 3194 temporis
587 3112 666 3176 ordo
690 3110 828 3188 sinebat,
857 3112 993 3177 edocuit.
1043 3113 1122 3176 Erat
1145 3114 1228 3176 enim

98 3197 264 3280 praefatus
299 3197 490 3275 Gervoldns,
535 3219 731 3281 quamquam
769 3197 908 3261 aliarum
946 3199 1127 3261 litterarum
1167 3220 1228 3261 non

98 3285 233 3347 nimium
256 3304 389 3365 gnarus,
420 3284 600 3346 cantilenae
623 3290 732 3347 tamen
758 3285 837 3347 artis
859 3285 983 3366 peritus
1006 3285 1155 3367 vocisque
1178 3306 1231 3347 ex-

99 3369 248 3434 cellentia
270 3390 308 3432 ac
330 3369 488 3432 suavitate
511 3390 576 3433 non
598 3391 726 3451 egenus.

186 3453 252 3518 Sub
265 3454 362 3518 huius
376 3461 517 3536 tempore
533 3455 636 3519 bonae
650 3453 883 3519 recordationis
906 3455 1065 3536 presbiter
1085 3454 1230 3536 egregins

99 3542 228 3605 nomine
269 3540 457 3603 Hardninus
496 3539 646 3618 florebat,
688 3541 743 3622 qui
779 3541 812 3602 in
848 3540 929 3604 cella
965 3540 1043 3603 clari
1079 3540 1229 3622 martyris

101 3626 278 3705 Saturnini,
302 3647 398 3708 quam
421 3625 534 3690 beatus
559 3626 812 3708 Wandregisilus
835 3624 1071 3703 aedificaverat,
1096 3625 1136 3687 ob
1159 3645 1230 3706 gra·

100 3755 122 3806 a)
136 3766 204 3795 unum
218 3766 236 3794 e.

102 3851 128 3916 1)
148 3850 190 3915 01¹.
205 3850 319 3903 Alcuiai
331 3851 470 3916 epistolam
487 3850 526 3902 14.
546 3850 584 3903 ad
597 3848 704 3904 Golcum
714 3848 909 3916 presbyterum,
929 3865 974 3916 ap.
988 3848 1072 3914 Jaffe',
1090 3849 1162 3901 Bibl.
1183 3849 1230 3913 VI,

98 3937 126 3986 p.
143 3921 206 3984 167,
233 3935 264 3971 ec
287 3935 341 3985 qua
371 3918 486 3971 laudere
510 3919 590 3971 liceat
614 3920 680 3971 baec
698 3918 793 3970 cerba:
818 3918 865 3970 Ali
884 3917 931 3970 uid
956 3917 1026 3970 enim
1051 3915 1230 3977 dissensionis,

101 3987 233 4041 diabolico
246 3986 363 4039 fomento
376 3987 572 4048 inflammante,
586 4000 670 4052 nuper
682 3986 754 4039 inter
767 4001 859 4052 regem
895 3986 996 4039 arolum
1011 3988 1039 4037 et
1052 4000 1142 4052 regem
1153 3982 1231 4037 Offan

102 4059 221 4109 exortum
240 4058 293 4117 est,
316 4055 356 4108 ita
379 4059 410 4108 ut
427 4056 563 4124 utrimque
586 4055 725 4121 navigatio
747 4054 892 4107 interdicta
914 4052 1115 4121 negotiantibus
1138 4056 1231 4106 cessat.

103 4127 129 4189 2)
154 4127 231 4179 Inter
256 4140 342 4177 annos
367 4126 425 4178 801.
445 4131 469 4177 et
486 4126 552 4189 8111·
577 4123 612 4190 cf.
631 4123 727 4188 Strbel,
755 4126 828 4176 Actu
853 4124 949 4175 Karol.
976 4123 1017 4185 II,
1039 4139 1068 4188 p.
1088 4123 1147 4175 367.
1172 4123 1230 4176 368.

102 4195 129 4256 3)
154 4193 209 4246 Res
226 4193 376 4259 incopatta3
394 4193 512 4258 fortusse
529 4193 664 4246 bannum.
741 4190 768 4254 4)
801 4192 856 4245 Vas
874 4197 1044 4244 etenensium
1062 4191 1231 4257 liquidorum.

103 4261 129 4341 b)
148 4263 244 4383 Pamii
257 4276 493 4329 praecerperem.
546 4262 572 4324 6)
591 4260 785 4314 Indumentum
799 4260 946 4313 secedatis
959 4259 1058 4312 missos
1071 4258 1234 4314 celebraturi

102 4347 132 4383 m
150 4346 224 4384 maai
243 4345 284 4382 ur.
